%YAML 1.1
%TAG !u! tag:unity3d.com,2011:
--- !u!29 &1
OcclusionCullingSettings:
  m_ObjectHideFlags: 0
  serializedVersion: 2
  m_OcclusionBakeSettings:
    smallestOccluder: 5
    smallestHole: 0.25
    backfaceThreshold: 100
  m_SceneGUID: 00000000000000000000000000000000
  m_OcclusionCullingData: {fileID: 0}
--- !u!104 &2
RenderSettings:
  m_ObjectHideFlags: 0
  serializedVersion: 9
  m_Fog: 0
  m_FogColor: {r: 0.5, g: 0.5, b: 0.5, a: 1}
  m_FogMode: 3
  m_FogDensity: 0.01
  m_LinearFogStart: 0
  m_LinearFogEnd: 300
  m_AmbientSkyColor: {r: 0.212, g: 0.227, b: 0.259, a: 1}
  m_AmbientEquatorColor: {r: 0.114, g: 0.125, b: 0.133, a: 1}
  m_AmbientGroundColor: {r: 0.047, g: 0.043, b: 0.035, a: 1}
  m_AmbientIntensity: 1
  m_AmbientMode: 0
  m_SubtractiveShadowColor: {r: 0.42, g: 0.478, b: 0.627, a: 1}
  m_SkyboxMaterial: {fileID: 10304, guid: 0000000000000000f000000000000000, type: 0}
  m_HaloStrength: 0.5
  m_FlareStrength: 1
  m_FlareFadeSpeed: 3
  m_HaloTexture: {fileID: 0}
  m_SpotCookie: {fileID: 10001, guid: 0000000000000000e000000000000000, type: 0}
  m_DefaultReflectionMode: 0
  m_DefaultReflectionResolution: 128
  m_ReflectionBounces: 1
  m_ReflectionIntensity: 1
  m_CustomReflection: {fileID: 0}
  m_Sun: {fileID: 0}
  m_IndirectSpecularColor: {r: 0, g: 0, b: 0, a: 1}
  m_UseRadianceAmbientProbe: 0
--- !u!157 &3
LightmapSettings:
  m_ObjectHideFlags: 0
  serializedVersion: 11
  m_GIWorkflowMode: 1
  m_GISettings:
    serializedVersion: 2
    m_BounceScale: 1
    m_IndirectOutputScale: 1
    m_AlbedoBoost: 1
    m_EnvironmentLightingMode: 0
    m_EnableBakedLightmaps: 1
    m_EnableRealtimeLightmaps: 1
  m_LightmapEditorSettings:
    serializedVersion: 12
    m_Resolution: 2
    m_BakeResolution: 40
    m_AtlasSize: 1024
    m_AO: 0
    m_AOMaxDistance: 1
    m_CompAOExponent: 1
    m_CompAOExponentDirect: 0
    m_ExtractAmbientOcclusion: 0
    m_Padding: 2
    m_LightmapParameters: {fileID: 0}
    m_LightmapsBakeMode: 1
    m_TextureCompression: 1
    m_FinalGather: 0
    m_FinalGatherFiltering: 1
    m_FinalGatherRayCount: 256
    m_ReflectionCompression: 2
    m_MixedBakeMode: 2
    m_BakeBackend: 1
    m_PVRSampling: 1
    m_PVRDirectSampleCount: 32
    m_PVRSampleCount: 512
    m_PVRBounces: 2
    m_PVREnvironmentSampleCount: 256
    m_PVREnvironmentReferencePointCount: 2048
    m_PVRFilteringMode: 1
    m_PVRDenoiserTypeDirect: 1
    m_PVRDenoiserTypeIndirect: 1
    m_PVRDenoiserTypeAO: 1
    m_PVRFilterTypeDirect: 0
    m_PVRFilterTypeIndirect: 0
    m_PVRFilterTypeAO: 0
    m_PVREnvironmentMIS: 1
    m_PVRCulling: 1
    m_PVRFilteringGaussRadiusDirect: 1
    m_PVRFilteringGaussRadiusIndirect: 5
    m_PVRFilteringGaussRadiusAO: 2
    m_PVRFilteringAtrousPositionSigmaDirect: 0.5
    m_PVRFilteringAtrousPositionSigmaIndirect: 2
    m_PVRFilteringAtrousPositionSigmaAO: 1
    m_ExportTrainingData: 0
    m_TrainingDataDestination: TrainingData
  m_LightingDataAsset: {fileID: 0}
  m_UseShadowmask: 1
--- !u!196 &4
NavMeshSettings:
  serializedVersion: 2
  m_ObjectHideFlags: 0
  m_BuildSettings:
    serializedVersion: 2
    agentTypeID: 0
    agentRadius: 0.5
    agentHeight: 2
    agentSlope: 45
    agentClimb: 0.4
    ledgeDropHeight: 0
    maxJumpAcrossDistance: 0
    minRegionArea: 2
    manualCellSize: 0
    cellSize: 0.16666667
    manualTileSize: 0
    tileSize: 256
    accuratePlacement: 0
    debug:
      m_Flags: 0
  m_NavMeshData: {fileID: 0}
--- !u!1001 &101271601
PrefabInstance:
  m_ObjectHideFlags: 0
  serializedVersion: 2
  m_Modification:
    m_TransformParent: {fileID: 790936800}
    m_Modifications:
    - target: {fileID: 9063976262188879490, guid: f0e75fe9da2a2e34e856713a72c47508,
        type: 3}
      propertyPath: m_LocalPosition.x
      value: 11.89229
      objectReference: {fileID: 0}
    - target: {fileID: 9063976262188879490, guid: f0e75fe9da2a2e34e856713a72c47508,
        type: 3}
      propertyPath: m_LocalPosition.y
      value: -5.896032
      objectReference: {fileID: 0}
    - target: {fileID: 9063976262188879490, guid: f0e75fe9da2a2e34e856713a72c47508,
        type: 3}
      propertyPath: m_LocalPosition.z
      value: 2.339734
      objectReference: {fileID: 0}
    - target: {fileID: 9063976262188879490, guid: f0e75fe9da2a2e34e856713a72c47508,
        type: 3}
      propertyPath: m_LocalRotation.x
      value: 0.46193978
      objectReference: {fileID: 0}
    - target: {fileID: 9063976262188879490, guid: f0e75fe9da2a2e34e856713a72c47508,
        type: 3}
      propertyPath: m_LocalRotation.y
      value: 0.19134173
      objectReference: {fileID: 0}
    - target: {fileID: 9063976262188879490, guid: f0e75fe9da2a2e34e856713a72c47508,
        type: 3}
      propertyPath: m_LocalRotation.z
      value: 0.19134173
      objectReference: {fileID: 0}
    - target: {fileID: 9063976262188879490, guid: f0e75fe9da2a2e34e856713a72c47508,
        type: 3}
      propertyPath: m_LocalRotation.w
      value: 0.84462327
      objectReference: {fileID: 0}
    - target: {fileID: 9063976262188879490, guid: f0e75fe9da2a2e34e856713a72c47508,
        type: 3}
      propertyPath: m_RootOrder
      value: 1
      objectReference: {fileID: 0}
    - target: {fileID: 9063976262188879490, guid: f0e75fe9da2a2e34e856713a72c47508,
        type: 3}
      propertyPath: m_LocalEulerAnglesHint.x
      value: 45
      objectReference: {fileID: 0}
    - target: {fileID: 9063976262188879490, guid: f0e75fe9da2a2e34e856713a72c47508,
        type: 3}
      propertyPath: m_LocalEulerAnglesHint.y
      value: 45
      objectReference: {fileID: 0}
    - target: {fileID: 9063976262188879490, guid: f0e75fe9da2a2e34e856713a72c47508,
        type: 3}
      propertyPath: m_LocalEulerAnglesHint.z
      value: 45
      objectReference: {fileID: 0}
    - target: {fileID: 9063976262188879490, guid: f0e75fe9da2a2e34e856713a72c47508,
        type: 3}
      propertyPath: m_LocalScale.y
      value: 0.50000006
      objectReference: {fileID: 0}
    - target: {fileID: 9063976262188879490, guid: f0e75fe9da2a2e34e856713a72c47508,
        type: 3}
      propertyPath: m_LocalScale.z
      value: 0.50000024
      objectReference: {fileID: 0}
    - target: {fileID: 9063976262188879512, guid: f0e75fe9da2a2e34e856713a72c47508,
        type: 3}
      propertyPath: m_Name
      value: Cube (1)
      objectReference: {fileID: 0}
    m_RemovedComponents: []
  m_SourcePrefab: {fileID: 100100000, guid: f0e75fe9da2a2e34e856713a72c47508, type: 3}
--- !u!4 &101271602 stripped
Transform:
  m_CorrespondingSourceObject: {fileID: 9063976262188879490, guid: f0e75fe9da2a2e34e856713a72c47508,
    type: 3}
  m_PrefabInstance: {fileID: 101271601}
  m_PrefabAsset: {fileID: 0}
--- !u!1001 &232798503
PrefabInstance:
  m_ObjectHideFlags: 0
  serializedVersion: 2
  m_Modification:
    m_TransformParent: {fileID: 790062284}
    m_Modifications:
    - target: {fileID: 2187443354456285349, guid: f8c0564a881fc514d976b36d4fbaa266,
        type: 3}
      propertyPath: m_LocalPosition.x
      value: 6.39
      objectReference: {fileID: 0}
    - target: {fileID: 2187443354456285349, guid: f8c0564a881fc514d976b36d4fbaa266,
        type: 3}
      propertyPath: m_LocalPosition.y
      value: 3.0483463
      objectReference: {fileID: 0}
    - target: {fileID: 2187443354456285349, guid: f8c0564a881fc514d976b36d4fbaa266,
        type: 3}
      propertyPath: m_LocalPosition.z
      value: 10.4
      objectReference: {fileID: 0}
    - target: {fileID: 2187443354456285349, guid: f8c0564a881fc514d976b36d4fbaa266,
        type: 3}
      propertyPath: m_LocalRotation.x
      value: 0.46193978
      objectReference: {fileID: 0}
    - target: {fileID: 2187443354456285349, guid: f8c0564a881fc514d976b36d4fbaa266,
        type: 3}
      propertyPath: m_LocalRotation.y
      value: 0.19134173
      objectReference: {fileID: 0}
    - target: {fileID: 2187443354456285349, guid: f8c0564a881fc514d976b36d4fbaa266,
        type: 3}
      propertyPath: m_LocalRotation.z
      value: 0.19134173
      objectReference: {fileID: 0}
    - target: {fileID: 2187443354456285349, guid: f8c0564a881fc514d976b36d4fbaa266,
        type: 3}
      propertyPath: m_LocalRotation.w
      value: 0.84462327
      objectReference: {fileID: 0}
    - target: {fileID: 2187443354456285349, guid: f8c0564a881fc514d976b36d4fbaa266,
        type: 3}
      propertyPath: m_RootOrder
      value: 7
      objectReference: {fileID: 0}
    - target: {fileID: 2187443354456285349, guid: f8c0564a881fc514d976b36d4fbaa266,
        type: 3}
      propertyPath: m_LocalEulerAnglesHint.x
      value: 45
      objectReference: {fileID: 0}
    - target: {fileID: 2187443354456285349, guid: f8c0564a881fc514d976b36d4fbaa266,
        type: 3}
      propertyPath: m_LocalEulerAnglesHint.y
      value: 45
      objectReference: {fileID: 0}
    - target: {fileID: 2187443354456285349, guid: f8c0564a881fc514d976b36d4fbaa266,
        type: 3}
      propertyPath: m_LocalEulerAnglesHint.z
      value: 45
      objectReference: {fileID: 0}
    - target: {fileID: 2187443354456285349, guid: f8c0564a881fc514d976b36d4fbaa266,
        type: 3}
      propertyPath: m_LocalScale.y
      value: 0.50000006
      objectReference: {fileID: 0}
    - target: {fileID: 2187443354456285349, guid: f8c0564a881fc514d976b36d4fbaa266,
        type: 3}
      propertyPath: m_LocalScale.z
      value: 0.50000024
      objectReference: {fileID: 0}
    - target: {fileID: 2187443354456285354, guid: f8c0564a881fc514d976b36d4fbaa266,
        type: 3}
      propertyPath: m_Name
      value: Pick Up (7)
      objectReference: {fileID: 0}
    m_RemovedComponents: []
  m_SourcePrefab: {fileID: 100100000, guid: f8c0564a881fc514d976b36d4fbaa266, type: 3}
--- !u!4 &232798504 stripped
Transform:
  m_CorrespondingSourceObject: {fileID: 2187443354456285349, guid: f8c0564a881fc514d976b36d4fbaa266,
    type: 3}
  m_PrefabInstance: {fileID: 232798503}
  m_PrefabAsset: {fileID: 0}
--- !u!1001 &380348166
PrefabInstance:
  m_ObjectHideFlags: 0
  serializedVersion: 2
  m_Modification:
    m_TransformParent: {fileID: 790062284}
    m_Modifications:
    - target: {fileID: 2187443354456285349, guid: f8c0564a881fc514d976b36d4fbaa266,
        type: 3}
      propertyPath: m_LocalPosition.x
      value: 12.13
      objectReference: {fileID: 0}
    - target: {fileID: 2187443354456285349, guid: f8c0564a881fc514d976b36d4fbaa266,
        type: 3}
      propertyPath: m_LocalPosition.y
      value: 3.0483463
      objectReference: {fileID: 0}
    - target: {fileID: 2187443354456285349, guid: f8c0564a881fc514d976b36d4fbaa266,
        type: 3}
      propertyPath: m_LocalPosition.z
      value: 3.49
      objectReference: {fileID: 0}
    - target: {fileID: 2187443354456285349, guid: f8c0564a881fc514d976b36d4fbaa266,
        type: 3}
      propertyPath: m_LocalRotation.x
      value: 0.46193978
      objectReference: {fileID: 0}
    - target: {fileID: 2187443354456285349, guid: f8c0564a881fc514d976b36d4fbaa266,
        type: 3}
      propertyPath: m_LocalRotation.y
      value: 0.19134173
      objectReference: {fileID: 0}
    - target: {fileID: 2187443354456285349, guid: f8c0564a881fc514d976b36d4fbaa266,
        type: 3}
      propertyPath: m_LocalRotation.z
      value: 0.19134173
      objectReference: {fileID: 0}
    - target: {fileID: 2187443354456285349, guid: f8c0564a881fc514d976b36d4fbaa266,
        type: 3}
      propertyPath: m_LocalRotation.w
      value: 0.84462327
      objectReference: {fileID: 0}
    - target: {fileID: 2187443354456285349, guid: f8c0564a881fc514d976b36d4fbaa266,
        type: 3}
      propertyPath: m_RootOrder
      value: 5
      objectReference: {fileID: 0}
    - target: {fileID: 2187443354456285349, guid: f8c0564a881fc514d976b36d4fbaa266,
        type: 3}
      propertyPath: m_LocalEulerAnglesHint.x
      value: 45
      objectReference: {fileID: 0}
    - target: {fileID: 2187443354456285349, guid: f8c0564a881fc514d976b36d4fbaa266,
        type: 3}
      propertyPath: m_LocalEulerAnglesHint.y
      value: 45
      objectReference: {fileID: 0}
    - target: {fileID: 2187443354456285349, guid: f8c0564a881fc514d976b36d4fbaa266,
        type: 3}
      propertyPath: m_LocalEulerAnglesHint.z
      value: 45
      objectReference: {fileID: 0}
    - target: {fileID: 2187443354456285349, guid: f8c0564a881fc514d976b36d4fbaa266,
        type: 3}
      propertyPath: m_LocalScale.y
      value: 0.50000006
      objectReference: {fileID: 0}
    - target: {fileID: 2187443354456285349, guid: f8c0564a881fc514d976b36d4fbaa266,
        type: 3}
      propertyPath: m_LocalScale.z
      value: 0.50000024
      objectReference: {fileID: 0}
    - target: {fileID: 2187443354456285354, guid: f8c0564a881fc514d976b36d4fbaa266,
        type: 3}
      propertyPath: m_Name
      value: Pick Up (5)
      objectReference: {fileID: 0}
    m_RemovedComponents: []
  m_SourcePrefab: {fileID: 100100000, guid: f8c0564a881fc514d976b36d4fbaa266, type: 3}
--- !u!4 &380348167 stripped
Transform:
  m_CorrespondingSourceObject: {fileID: 2187443354456285349, guid: f8c0564a881fc514d976b36d4fbaa266,
    type: 3}
  m_PrefabInstance: {fileID: 380348166}
  m_PrefabAsset: {fileID: 0}
--- !u!1 &387425122
GameObject:
  m_ObjectHideFlags: 0
  m_CorrespondingSourceObject: {fileID: 0}
  m_PrefabInstance: {fileID: 0}
  m_PrefabAsset: {fileID: 0}
  serializedVersion: 6
  m_Component:
  - component: {fileID: 387425124}
  - component: {fileID: 387425123}
  m_Layer: 0
  m_Name: Directional Light
  m_TagString: Untagged
  m_Icon: {fileID: 0}
  m_NavMeshLayer: 0
  m_StaticEditorFlags: 0
  m_IsActive: 1
--- !u!108 &387425123
Light:
  m_ObjectHideFlags: 0
  m_CorrespondingSourceObject: {fileID: 0}
  m_PrefabInstance: {fileID: 0}
  m_PrefabAsset: {fileID: 0}
  m_GameObject: {fileID: 387425122}
  m_Enabled: 1
  serializedVersion: 9
  m_Type: 1
  m_Color: {r: 1, g: 0.95686275, b: 0.8392157, a: 1}
  m_Intensity: 1
  m_Range: 10
  m_SpotAngle: 30
  m_InnerSpotAngle: 21.80208
  m_CookieSize: 10
  m_Shadows:
    m_Type: 2
    m_Resolution: -1
    m_CustomResolution: -1
    m_Strength: 1
    m_Bias: 0.05
    m_NormalBias: 0.4
    m_NearPlane: 0.2
    m_CullingMatrixOverride:
      e00: 1
      e01: 0
      e02: 0
      e03: 0
      e10: 0
      e11: 1
      e12: 0
      e13: 0
      e20: 0
      e21: 0
      e22: 1
      e23: 0
      e30: 0
      e31: 0
      e32: 0
      e33: 1
    m_UseCullingMatrixOverride: 0
  m_Cookie: {fileID: 0}
  m_DrawHalo: 0
  m_Flare: {fileID: 0}
  m_RenderMode: 0
  m_CullingMask:
    serializedVersion: 2
    m_Bits: 4294967295
  m_RenderingLayerMask: 1
  m_Lightmapping: 4
  m_LightShadowCasterMode: 0
  m_AreaSize: {x: 1, y: 1}
  m_BounceIntensity: 1
  m_ColorTemperature: 6570
  m_UseColorTemperature: 0
  m_BoundingSphereOverride: {x: 0, y: 0, z: 0, w: 0}
  m_UseBoundingSphereOverride: 0
  m_ShadowRadius: 0
  m_ShadowAngle: 0
--- !u!4 &387425124
Transform:
  m_ObjectHideFlags: 0
  m_CorrespondingSourceObject: {fileID: 0}
  m_PrefabInstance: {fileID: 0}
  m_PrefabAsset: {fileID: 0}
  m_GameObject: {fileID: 387425122}
  m_LocalRotation: {x: 0.36599812, y: -0.45315394, z: 0.2113091, w: 0.78488564}
  m_LocalPosition: {x: 0, y: 3, z: 0}
  m_LocalScale: {x: 1, y: 1, z: 1}
  m_Children: []
  m_Father: {fileID: 0}
  m_RootOrder: 0
  m_LocalEulerAnglesHint: {x: 50, y: -60, z: 0}
--- !u!1001 &441991805
PrefabInstance:
  m_ObjectHideFlags: 0
  serializedVersion: 2
  m_Modification:
    m_TransformParent: {fileID: 790062284}
    m_Modifications:
    - target: {fileID: 2187443354456285349, guid: f8c0564a881fc514d976b36d4fbaa266,
        type: 3}
      propertyPath: m_LocalPosition.x
      value: 9.45
      objectReference: {fileID: 0}
    - target: {fileID: 2187443354456285349, guid: f8c0564a881fc514d976b36d4fbaa266,
        type: 3}
      propertyPath: m_LocalPosition.y
      value: 3.0483463
      objectReference: {fileID: 0}
    - target: {fileID: 2187443354456285349, guid: f8c0564a881fc514d976b36d4fbaa266,
        type: 3}
      propertyPath: m_LocalPosition.z
      value: 3.49
      objectReference: {fileID: 0}
    - target: {fileID: 2187443354456285349, guid: f8c0564a881fc514d976b36d4fbaa266,
        type: 3}
      propertyPath: m_LocalRotation.x
      value: 0.46193978
      objectReference: {fileID: 0}
    - target: {fileID: 2187443354456285349, guid: f8c0564a881fc514d976b36d4fbaa266,
        type: 3}
      propertyPath: m_LocalRotation.y
      value: 0.19134173
      objectReference: {fileID: 0}
    - target: {fileID: 2187443354456285349, guid: f8c0564a881fc514d976b36d4fbaa266,
        type: 3}
      propertyPath: m_LocalRotation.z
      value: 0.19134173
      objectReference: {fileID: 0}
    - target: {fileID: 2187443354456285349, guid: f8c0564a881fc514d976b36d4fbaa266,
        type: 3}
      propertyPath: m_LocalRotation.w
      value: 0.84462327
      objectReference: {fileID: 0}
    - target: {fileID: 2187443354456285349, guid: f8c0564a881fc514d976b36d4fbaa266,
        type: 3}
      propertyPath: m_RootOrder
      value: 4
      objectReference: {fileID: 0}
    - target: {fileID: 2187443354456285349, guid: f8c0564a881fc514d976b36d4fbaa266,
        type: 3}
      propertyPath: m_LocalEulerAnglesHint.x
      value: 45
      objectReference: {fileID: 0}
    - target: {fileID: 2187443354456285349, guid: f8c0564a881fc514d976b36d4fbaa266,
        type: 3}
      propertyPath: m_LocalEulerAnglesHint.y
      value: 45
      objectReference: {fileID: 0}
    - target: {fileID: 2187443354456285349, guid: f8c0564a881fc514d976b36d4fbaa266,
        type: 3}
      propertyPath: m_LocalEulerAnglesHint.z
      value: 45
      objectReference: {fileID: 0}
    - target: {fileID: 2187443354456285349, guid: f8c0564a881fc514d976b36d4fbaa266,
        type: 3}
      propertyPath: m_LocalScale.y
      value: 0.50000006
      objectReference: {fileID: 0}
    - target: {fileID: 2187443354456285349, guid: f8c0564a881fc514d976b36d4fbaa266,
        type: 3}
      propertyPath: m_LocalScale.z
      value: 0.50000024
      objectReference: {fileID: 0}
    - target: {fileID: 2187443354456285354, guid: f8c0564a881fc514d976b36d4fbaa266,
        type: 3}
      propertyPath: m_Name
      value: Pick Up (4)
      objectReference: {fileID: 0}
    m_RemovedComponents: []
  m_SourcePrefab: {fileID: 100100000, guid: f8c0564a881fc514d976b36d4fbaa266, type: 3}
--- !u!4 &441991806 stripped
Transform:
  m_CorrespondingSourceObject: {fileID: 2187443354456285349, guid: f8c0564a881fc514d976b36d4fbaa266,
    type: 3}
  m_PrefabInstance: {fileID: 441991805}
  m_PrefabAsset: {fileID: 0}
--- !u!1001 &473752154
PrefabInstance:
  m_ObjectHideFlags: 0
  serializedVersion: 2
  m_Modification:
    m_TransformParent: {fileID: 790062284}
    m_Modifications:
    - target: {fileID: 2187443354456285349, guid: f8c0564a881fc514d976b36d4fbaa266,
        type: 3}
      propertyPath: m_LocalPosition.x
      value: 0.41
      objectReference: {fileID: 0}
    - target: {fileID: 2187443354456285349, guid: f8c0564a881fc514d976b36d4fbaa266,
        type: 3}
      propertyPath: m_LocalPosition.y
      value: 3.0483463
      objectReference: {fileID: 0}
    - target: {fileID: 2187443354456285349, guid: f8c0564a881fc514d976b36d4fbaa266,
        type: 3}
      propertyPath: m_LocalPosition.z
      value: 13
      objectReference: {fileID: 0}
    - target: {fileID: 2187443354456285349, guid: f8c0564a881fc514d976b36d4fbaa266,
        type: 3}
      propertyPath: m_LocalRotation.x
      value: 0.46193978
      objectReference: {fileID: 0}
    - target: {fileID: 2187443354456285349, guid: f8c0564a881fc514d976b36d4fbaa266,
        type: 3}
      propertyPath: m_LocalRotation.y
      value: 0.19134173
      objectReference: {fileID: 0}
    - target: {fileID: 2187443354456285349, guid: f8c0564a881fc514d976b36d4fbaa266,
        type: 3}
      propertyPath: m_LocalRotation.z
      value: 0.19134173
      objectReference: {fileID: 0}
    - target: {fileID: 2187443354456285349, guid: f8c0564a881fc514d976b36d4fbaa266,
        type: 3}
      propertyPath: m_LocalRotation.w
      value: 0.84462327
      objectReference: {fileID: 0}
    - target: {fileID: 2187443354456285349, guid: f8c0564a881fc514d976b36d4fbaa266,
        type: 3}
      propertyPath: m_RootOrder
      value: 9
      objectReference: {fileID: 0}
    - target: {fileID: 2187443354456285349, guid: f8c0564a881fc514d976b36d4fbaa266,
        type: 3}
      propertyPath: m_LocalEulerAnglesHint.x
      value: 45
      objectReference: {fileID: 0}
    - target: {fileID: 2187443354456285349, guid: f8c0564a881fc514d976b36d4fbaa266,
        type: 3}
      propertyPath: m_LocalEulerAnglesHint.y
      value: 45
      objectReference: {fileID: 0}
    - target: {fileID: 2187443354456285349, guid: f8c0564a881fc514d976b36d4fbaa266,
        type: 3}
      propertyPath: m_LocalEulerAnglesHint.z
      value: 45
      objectReference: {fileID: 0}
    - target: {fileID: 2187443354456285349, guid: f8c0564a881fc514d976b36d4fbaa266,
        type: 3}
      propertyPath: m_LocalScale.y
      value: 0.50000006
      objectReference: {fileID: 0}
    - target: {fileID: 2187443354456285349, guid: f8c0564a881fc514d976b36d4fbaa266,
        type: 3}
      propertyPath: m_LocalScale.z
      value: 0.50000024
      objectReference: {fileID: 0}
    - target: {fileID: 2187443354456285354, guid: f8c0564a881fc514d976b36d4fbaa266,
        type: 3}
      propertyPath: m_Name
      value: Pick Up (9)
      objectReference: {fileID: 0}
    m_RemovedComponents: []
  m_SourcePrefab: {fileID: 100100000, guid: f8c0564a881fc514d976b36d4fbaa266, type: 3}
--- !u!4 &473752155 stripped
Transform:
  m_CorrespondingSourceObject: {fileID: 2187443354456285349, guid: f8c0564a881fc514d976b36d4fbaa266,
    type: 3}
  m_PrefabInstance: {fileID: 473752154}
  m_PrefabAsset: {fileID: 0}
--- !u!1001 &730874514
PrefabInstance:
  m_ObjectHideFlags: 0
  serializedVersion: 2
  m_Modification:
    m_TransformParent: {fileID: 790936800}
    m_Modifications:
    - target: {fileID: 9063976262188879490, guid: f0e75fe9da2a2e34e856713a72c47508,
        type: 3}
      propertyPath: m_LocalPosition.x
      value: 1.1
      objectReference: {fileID: 0}
    - target: {fileID: 9063976262188879490, guid: f0e75fe9da2a2e34e856713a72c47508,
        type: 3}
      propertyPath: m_LocalPosition.y
      value: -5.896032
      objectReference: {fileID: 0}
    - target: {fileID: 9063976262188879490, guid: f0e75fe9da2a2e34e856713a72c47508,
        type: 3}
      propertyPath: m_LocalPosition.z
      value: 10.93
      objectReference: {fileID: 0}
    - target: {fileID: 9063976262188879490, guid: f0e75fe9da2a2e34e856713a72c47508,
        type: 3}
      propertyPath: m_LocalRotation.x
      value: 0.46193978
      objectReference: {fileID: 0}
    - target: {fileID: 9063976262188879490, guid: f0e75fe9da2a2e34e856713a72c47508,
        type: 3}
      propertyPath: m_LocalRotation.y
      value: 0.19134173
      objectReference: {fileID: 0}
    - target: {fileID: 9063976262188879490, guid: f0e75fe9da2a2e34e856713a72c47508,
        type: 3}
      propertyPath: m_LocalRotation.z
      value: 0.19134173
      objectReference: {fileID: 0}
    - target: {fileID: 9063976262188879490, guid: f0e75fe9da2a2e34e856713a72c47508,
        type: 3}
      propertyPath: m_LocalRotation.w
      value: 0.84462327
      objectReference: {fileID: 0}
    - target: {fileID: 9063976262188879490, guid: f0e75fe9da2a2e34e856713a72c47508,
        type: 3}
      propertyPath: m_RootOrder
      value: 2
      objectReference: {fileID: 0}
    - target: {fileID: 9063976262188879490, guid: f0e75fe9da2a2e34e856713a72c47508,
        type: 3}
      propertyPath: m_LocalEulerAnglesHint.x
      value: 45
      objectReference: {fileID: 0}
    - target: {fileID: 9063976262188879490, guid: f0e75fe9da2a2e34e856713a72c47508,
        type: 3}
      propertyPath: m_LocalEulerAnglesHint.y
      value: 45
      objectReference: {fileID: 0}
    - target: {fileID: 9063976262188879490, guid: f0e75fe9da2a2e34e856713a72c47508,
        type: 3}
      propertyPath: m_LocalEulerAnglesHint.z
      value: 45
      objectReference: {fileID: 0}
    - target: {fileID: 9063976262188879490, guid: f0e75fe9da2a2e34e856713a72c47508,
        type: 3}
      propertyPath: m_LocalScale.y
      value: 0.50000006
      objectReference: {fileID: 0}
    - target: {fileID: 9063976262188879490, guid: f0e75fe9da2a2e34e856713a72c47508,
        type: 3}
      propertyPath: m_LocalScale.z
      value: 0.50000024
      objectReference: {fileID: 0}
    - target: {fileID: 9063976262188879512, guid: f0e75fe9da2a2e34e856713a72c47508,
        type: 3}
      propertyPath: m_Name
      value: Cube
      objectReference: {fileID: 0}
    m_RemovedComponents: []
  m_SourcePrefab: {fileID: 100100000, guid: f0e75fe9da2a2e34e856713a72c47508, type: 3}
--- !u!4 &730874515 stripped
Transform:
  m_CorrespondingSourceObject: {fileID: 9063976262188879490, guid: f0e75fe9da2a2e34e856713a72c47508,
    type: 3}
  m_PrefabInstance: {fileID: 730874514}
  m_PrefabAsset: {fileID: 0}
--- !u!1 &745263582
GameObject:
  m_ObjectHideFlags: 0
  m_CorrespondingSourceObject: {fileID: 0}
  m_PrefabInstance: {fileID: 0}
  m_PrefabAsset: {fileID: 0}
  serializedVersion: 6
  m_Component:
  - component: {fileID: 745263583}
  - component: {fileID: 745263585}
  - component: {fileID: 745263584}
  m_Layer: 5
  m_Name: Timer Text
  m_TagString: Untagged
  m_Icon: {fileID: 0}
  m_NavMeshLayer: 0
  m_StaticEditorFlags: 0
  m_IsActive: 1
--- !u!224 &745263583
RectTransform:
  m_ObjectHideFlags: 0
  m_CorrespondingSourceObject: {fileID: 0}
  m_PrefabInstance: {fileID: 0}
  m_PrefabAsset: {fileID: 0}
  m_GameObject: {fileID: 745263582}
  m_LocalRotation: {x: 0, y: 0, z: 0, w: 1}
  m_LocalPosition: {x: 0, y: 0, z: 0}
  m_LocalScale: {x: 1, y: 1, z: 1}
  m_Children: []
  m_Father: {fileID: 1829279100}
  m_RootOrder: 2
  m_LocalEulerAnglesHint: {x: 0, y: 0, z: 0}
  m_AnchorMin: {x: 0.5, y: 1}
  m_AnchorMax: {x: 0.5, y: 1}
  m_AnchoredPosition: {x: -80, y: -10}
  m_SizeDelta: {x: 160, y: 30}
  m_Pivot: {x: 0, y: 1}
--- !u!114 &745263584
MonoBehaviour:
  m_ObjectHideFlags: 0
  m_CorrespondingSourceObject: {fileID: 0}
  m_PrefabInstance: {fileID: 0}
  m_PrefabAsset: {fileID: 0}
  m_GameObject: {fileID: 745263582}
  m_Enabled: 1
  m_EditorHideFlags: 0
  m_Script: {fileID: 11500000, guid: 5f7201a12d95ffc409449d95f23cf332, type: 3}
  m_Name: 
  m_EditorClassIdentifier: 
  m_Material: {fileID: 0}
  m_Color: {r: 1, g: 0.995283, b: 0.995283, a: 1}
  m_RaycastTarget: 1
  m_OnCullStateChanged:
    m_PersistentCalls:
      m_Calls: []
  m_FontData:
    m_Font: {fileID: 10102, guid: 0000000000000000e000000000000000, type: 0}
    m_FontSize: 16
    m_FontStyle: 0
    m_BestFit: 0
    m_MinSize: 1
    m_MaxSize: 40
    m_Alignment: 0
    m_AlignByGeometry: 0
    m_RichText: 1
    m_HorizontalOverflow: 0
    m_VerticalOverflow: 0
    m_LineSpacing: 1
  m_Text: New Text
--- !u!222 &745263585
CanvasRenderer:
  m_ObjectHideFlags: 0
  m_CorrespondingSourceObject: {fileID: 0}
  m_PrefabInstance: {fileID: 0}
  m_PrefabAsset: {fileID: 0}
  m_GameObject: {fileID: 745263582}
  m_CullTransparentMesh: 0
--- !u!1 &767696840
GameObject:
  m_ObjectHideFlags: 0
  m_CorrespondingSourceObject: {fileID: 0}
  m_PrefabInstance: {fileID: 0}
  m_PrefabAsset: {fileID: 0}
  serializedVersion: 6
  m_Component:
  - component: {fileID: 767696841}
  - component: {fileID: 767696844}
  - component: {fileID: 767696843}
  - component: {fileID: 767696842}
  m_Layer: 0
  m_Name: WestWall
  m_TagString: Untagged
  m_Icon: {fileID: 0}
  m_NavMeshLayer: 0
  m_StaticEditorFlags: 0
  m_IsActive: 1
--- !u!4 &767696841
Transform:
  m_ObjectHideFlags: 0
  m_CorrespondingSourceObject: {fileID: 0}
  m_PrefabInstance: {fileID: 0}
  m_PrefabAsset: {fileID: 0}
  m_GameObject: {fileID: 767696840}
  m_LocalRotation: {x: 0, y: 0, z: 0, w: 1}
  m_LocalPosition: {x: -10, y: 0, z: 0}
  m_LocalScale: {x: 0.5, y: 2, z: 20.5}
  m_Children: []
  m_Father: {fileID: 1708978718}
  m_RootOrder: 0
  m_LocalEulerAnglesHint: {x: 0, y: 0, z: 0}
--- !u!65 &767696842
BoxCollider:
  m_ObjectHideFlags: 0
  m_CorrespondingSourceObject: {fileID: 0}
  m_PrefabInstance: {fileID: 0}
  m_PrefabAsset: {fileID: 0}
  m_GameObject: {fileID: 767696840}
  m_Material: {fileID: 0}
  m_IsTrigger: 0
  m_Enabled: 1
  serializedVersion: 2
  m_Size: {x: 1, y: 1, z: 1}
  m_Center: {x: 0, y: 0, z: 0}
--- !u!23 &767696843
MeshRenderer:
  m_ObjectHideFlags: 0
  m_CorrespondingSourceObject: {fileID: 0}
  m_PrefabInstance: {fileID: 0}
  m_PrefabAsset: {fileID: 0}
  m_GameObject: {fileID: 767696840}
  m_Enabled: 1
  m_CastShadows: 1
  m_ReceiveShadows: 1
  m_DynamicOccludee: 1
  m_MotionVectors: 1
  m_LightProbeUsage: 1
  m_ReflectionProbeUsage: 1
  m_RenderingLayerMask: 1
  m_RendererPriority: 0
  m_Materials:
  - {fileID: 10303, guid: 0000000000000000f000000000000000, type: 0}
  m_StaticBatchInfo:
    firstSubMesh: 0
    subMeshCount: 0
  m_StaticBatchRoot: {fileID: 0}
  m_ProbeAnchor: {fileID: 0}
  m_LightProbeVolumeOverride: {fileID: 0}
  m_ScaleInLightmap: 1
  m_ReceiveGI: 1
  m_PreserveUVs: 0
  m_IgnoreNormalsForChartDetection: 0
  m_ImportantGI: 0
  m_StitchLightmapSeams: 1
  m_SelectedEditorRenderState: 3
  m_MinimumChartSize: 4
  m_AutoUVMaxDistance: 0.5
  m_AutoUVMaxAngle: 89
  m_LightmapParameters: {fileID: 0}
  m_SortingLayerID: 0
  m_SortingLayer: 0
  m_SortingOrder: 0
--- !u!33 &767696844
MeshFilter:
  m_ObjectHideFlags: 0
  m_CorrespondingSourceObject: {fileID: 0}
  m_PrefabInstance: {fileID: 0}
  m_PrefabAsset: {fileID: 0}
  m_GameObject: {fileID: 767696840}
  m_Mesh: {fileID: 10202, guid: 0000000000000000e000000000000000, type: 0}
--- !u!1 &790062283
GameObject:
  m_ObjectHideFlags: 0
  m_CorrespondingSourceObject: {fileID: 0}
  m_PrefabInstance: {fileID: 0}
  m_PrefabAsset: {fileID: 0}
  serializedVersion: 6
  m_Component:
  - component: {fileID: 790062284}
  m_Layer: 0
  m_Name: PickUps
  m_TagString: Untagged
  m_Icon: {fileID: 0}
  m_NavMeshLayer: 0
  m_StaticEditorFlags: 0
  m_IsActive: 1
--- !u!4 &790062284
Transform:
  m_ObjectHideFlags: 0
  m_CorrespondingSourceObject: {fileID: 0}
  m_PrefabInstance: {fileID: 0}
  m_PrefabAsset: {fileID: 0}
  m_GameObject: {fileID: 790062283}
  m_LocalRotation: {x: 0, y: 0, z: 0, w: 1}
  m_LocalPosition: {x: -5.187165, y: -2.6215696, z: -5.7594557}
  m_LocalScale: {x: 1, y: 1, z: 1}
  m_Children:
  - {fileID: 871689503}
  - {fileID: 1955139373}
  - {fileID: 2131380427}
  - {fileID: 1057202890}
  - {fileID: 441991806}
  - {fileID: 380348167}
  - {fileID: 1161305773}
  - {fileID: 232798504}
  - {fileID: 1786373940}
  - {fileID: 473752155}
  - {fileID: 1012795988}
  - {fileID: 2056319445}
  m_Father: {fileID: 0}
  m_RootOrder: 5
  m_LocalEulerAnglesHint: {x: 0, y: 0, z: 0}
--- !u!1 &790936799
GameObject:
  m_ObjectHideFlags: 0
  m_CorrespondingSourceObject: {fileID: 0}
  m_PrefabInstance: {fileID: 0}
  m_PrefabAsset: {fileID: 0}
  serializedVersion: 6
  m_Component:
  - component: {fileID: 790936800}
  m_Layer: 0
  m_Name: powerups
  m_TagString: Untagged
  m_Icon: {fileID: 0}
  m_NavMeshLayer: 0
  m_StaticEditorFlags: 0
  m_IsActive: 1
--- !u!4 &790936800
Transform:
  m_ObjectHideFlags: 0
  m_CorrespondingSourceObject: {fileID: 0}
  m_PrefabInstance: {fileID: 0}
  m_PrefabAsset: {fileID: 0}
  m_GameObject: {fileID: 790936799}
  m_LocalRotation: {x: 0, y: 0, z: 0, w: 1}
  m_LocalPosition: {x: -4.959322, y: 6.3228087, z: -9.245604}
  m_LocalScale: {x: 1, y: 1, z: 1}
  m_Children:
  - {fileID: 1406308980}
  - {fileID: 101271602}
  - {fileID: 730874515}
  m_Father: {fileID: 0}
  m_RootOrder: 8
  m_LocalEulerAnglesHint: {x: 0, y: 0, z: 0}
--- !u!1 &829404333
GameObject:
  m_ObjectHideFlags: 0
  m_CorrespondingSourceObject: {fileID: 0}
  m_PrefabInstance: {fileID: 0}
  m_PrefabAsset: {fileID: 0}
  serializedVersion: 6
  m_Component:
  - component: {fileID: 829404334}
  - component: {fileID: 829404336}
  - component: {fileID: 829404335}
  m_Layer: 5
  m_Name: Count Text
  m_TagString: Untagged
  m_Icon: {fileID: 0}
  m_NavMeshLayer: 0
  m_StaticEditorFlags: 0
  m_IsActive: 1
--- !u!224 &829404334
RectTransform:
  m_ObjectHideFlags: 0
  m_CorrespondingSourceObject: {fileID: 0}
  m_PrefabInstance: {fileID: 0}
  m_PrefabAsset: {fileID: 0}
  m_GameObject: {fileID: 829404333}
  m_LocalRotation: {x: 0, y: 0, z: 0, w: 1}
  m_LocalPosition: {x: 0, y: 0, z: 0}
  m_LocalScale: {x: 1, y: 1, z: 1}
  m_Children: []
  m_Father: {fileID: 1829279100}
  m_RootOrder: 0
  m_LocalEulerAnglesHint: {x: 0, y: 0, z: 0}
  m_AnchorMin: {x: 0, y: 1}
  m_AnchorMax: {x: 0, y: 1}
  m_AnchoredPosition: {x: 10, y: -10}
  m_SizeDelta: {x: 160, y: 30}
  m_Pivot: {x: 0, y: 1}
--- !u!114 &829404335
MonoBehaviour:
  m_ObjectHideFlags: 0
  m_CorrespondingSourceObject: {fileID: 0}
  m_PrefabInstance: {fileID: 0}
  m_PrefabAsset: {fileID: 0}
  m_GameObject: {fileID: 829404333}
  m_Enabled: 1
  m_EditorHideFlags: 0
  m_Script: {fileID: 11500000, guid: 5f7201a12d95ffc409449d95f23cf332, type: 3}
  m_Name: 
  m_EditorClassIdentifier: 
  m_Material: {fileID: 0}
  m_Color: {r: 1, g: 0.995283, b: 0.995283, a: 1}
  m_RaycastTarget: 1
  m_OnCullStateChanged:
    m_PersistentCalls:
      m_Calls: []
  m_FontData:
    m_Font: {fileID: 10102, guid: 0000000000000000e000000000000000, type: 0}
    m_FontSize: 14
    m_FontStyle: 0
    m_BestFit: 0
    m_MinSize: 10
    m_MaxSize: 40
    m_Alignment: 0
    m_AlignByGeometry: 0
    m_RichText: 0
    m_HorizontalOverflow: 0
    m_VerticalOverflow: 0
    m_LineSpacing: 1
  m_Text: Count Text
--- !u!222 &829404336
CanvasRenderer:
  m_ObjectHideFlags: 0
  m_CorrespondingSourceObject: {fileID: 0}
  m_PrefabInstance: {fileID: 0}
  m_PrefabAsset: {fileID: 0}
  m_GameObject: {fileID: 829404333}
  m_CullTransparentMesh: 0
--- !u!1001 &871689502
PrefabInstance:
  m_ObjectHideFlags: 0
  serializedVersion: 2
  m_Modification:
    m_TransformParent: {fileID: 790062284}
    m_Modifications:
    - target: {fileID: 2187443354456285349, guid: f8c0564a881fc514d976b36d4fbaa266,
        type: 3}
      propertyPath: m_LocalPosition.x
      value: 12.482307
      objectReference: {fileID: 0}
    - target: {fileID: 2187443354456285349, guid: f8c0564a881fc514d976b36d4fbaa266,
        type: 3}
      propertyPath: m_LocalPosition.y
      value: 3.0483463
      objectReference: {fileID: 0}
    - target: {fileID: 2187443354456285349, guid: f8c0564a881fc514d976b36d4fbaa266,
        type: 3}
      propertyPath: m_LocalPosition.z
      value: 7.2138543
      objectReference: {fileID: 0}
    - target: {fileID: 2187443354456285349, guid: f8c0564a881fc514d976b36d4fbaa266,
        type: 3}
      propertyPath: m_LocalRotation.x
      value: 0.46193978
      objectReference: {fileID: 0}
    - target: {fileID: 2187443354456285349, guid: f8c0564a881fc514d976b36d4fbaa266,
        type: 3}
      propertyPath: m_LocalRotation.y
      value: 0.19134173
      objectReference: {fileID: 0}
    - target: {fileID: 2187443354456285349, guid: f8c0564a881fc514d976b36d4fbaa266,
        type: 3}
      propertyPath: m_LocalRotation.z
      value: 0.19134173
      objectReference: {fileID: 0}
    - target: {fileID: 2187443354456285349, guid: f8c0564a881fc514d976b36d4fbaa266,
        type: 3}
      propertyPath: m_LocalRotation.w
      value: 0.84462327
      objectReference: {fileID: 0}
    - target: {fileID: 2187443354456285349, guid: f8c0564a881fc514d976b36d4fbaa266,
        type: 3}
      propertyPath: m_RootOrder
      value: 0
      objectReference: {fileID: 0}
    - target: {fileID: 2187443354456285349, guid: f8c0564a881fc514d976b36d4fbaa266,
        type: 3}
      propertyPath: m_LocalEulerAnglesHint.x
      value: 45
      objectReference: {fileID: 0}
    - target: {fileID: 2187443354456285349, guid: f8c0564a881fc514d976b36d4fbaa266,
        type: 3}
      propertyPath: m_LocalEulerAnglesHint.y
      value: 45
      objectReference: {fileID: 0}
    - target: {fileID: 2187443354456285349, guid: f8c0564a881fc514d976b36d4fbaa266,
        type: 3}
      propertyPath: m_LocalEulerAnglesHint.z
      value: 45
      objectReference: {fileID: 0}
    - target: {fileID: 2187443354456285349, guid: f8c0564a881fc514d976b36d4fbaa266,
        type: 3}
      propertyPath: m_LocalScale.y
      value: 0.50000006
      objectReference: {fileID: 0}
    - target: {fileID: 2187443354456285349, guid: f8c0564a881fc514d976b36d4fbaa266,
        type: 3}
      propertyPath: m_LocalScale.z
      value: 0.50000024
      objectReference: {fileID: 0}
    - target: {fileID: 2187443354456285354, guid: f8c0564a881fc514d976b36d4fbaa266,
        type: 3}
      propertyPath: m_Name
      value: Pick Up
      objectReference: {fileID: 0}
    m_RemovedComponents: []
  m_SourcePrefab: {fileID: 100100000, guid: f8c0564a881fc514d976b36d4fbaa266, type: 3}
--- !u!4 &871689503 stripped
Transform:
  m_CorrespondingSourceObject: {fileID: 2187443354456285349, guid: f8c0564a881fc514d976b36d4fbaa266,
    type: 3}
  m_PrefabInstance: {fileID: 871689502}
  m_PrefabAsset: {fileID: 0}
--- !u!1001 &1012795987
PrefabInstance:
  m_ObjectHideFlags: 0
  serializedVersion: 2
  m_Modification:
    m_TransformParent: {fileID: 790062284}
    m_Modifications:
    - target: {fileID: 2187443354456285349, guid: f8c0564a881fc514d976b36d4fbaa266,
        type: 3}
      propertyPath: m_LocalPosition.x
      value: 0.41
      objectReference: {fileID: 0}
    - target: {fileID: 2187443354456285349, guid: f8c0564a881fc514d976b36d4fbaa266,
        type: 3}
      propertyPath: m_LocalPosition.y
      value: 3.0483463
      objectReference: {fileID: 0}
    - target: {fileID: 2187443354456285349, guid: f8c0564a881fc514d976b36d4fbaa266,
        type: 3}
      propertyPath: m_LocalPosition.z
      value: -0.56
      objectReference: {fileID: 0}
    - target: {fileID: 2187443354456285349, guid: f8c0564a881fc514d976b36d4fbaa266,
        type: 3}
      propertyPath: m_LocalRotation.x
      value: 0.46193978
      objectReference: {fileID: 0}
    - target: {fileID: 2187443354456285349, guid: f8c0564a881fc514d976b36d4fbaa266,
        type: 3}
      propertyPath: m_LocalRotation.y
      value: 0.19134173
      objectReference: {fileID: 0}
    - target: {fileID: 2187443354456285349, guid: f8c0564a881fc514d976b36d4fbaa266,
        type: 3}
      propertyPath: m_LocalRotation.z
      value: 0.19134173
      objectReference: {fileID: 0}
    - target: {fileID: 2187443354456285349, guid: f8c0564a881fc514d976b36d4fbaa266,
        type: 3}
      propertyPath: m_LocalRotation.w
      value: 0.84462327
      objectReference: {fileID: 0}
    - target: {fileID: 2187443354456285349, guid: f8c0564a881fc514d976b36d4fbaa266,
        type: 3}
      propertyPath: m_RootOrder
      value: 10
      objectReference: {fileID: 0}
    - target: {fileID: 2187443354456285349, guid: f8c0564a881fc514d976b36d4fbaa266,
        type: 3}
      propertyPath: m_LocalEulerAnglesHint.x
      value: 45
      objectReference: {fileID: 0}
    - target: {fileID: 2187443354456285349, guid: f8c0564a881fc514d976b36d4fbaa266,
        type: 3}
      propertyPath: m_LocalEulerAnglesHint.y
      value: 45
      objectReference: {fileID: 0}
    - target: {fileID: 2187443354456285349, guid: f8c0564a881fc514d976b36d4fbaa266,
        type: 3}
      propertyPath: m_LocalEulerAnglesHint.z
      value: 45
      objectReference: {fileID: 0}
    - target: {fileID: 2187443354456285349, guid: f8c0564a881fc514d976b36d4fbaa266,
        type: 3}
      propertyPath: m_LocalScale.y
      value: 0.50000006
      objectReference: {fileID: 0}
    - target: {fileID: 2187443354456285349, guid: f8c0564a881fc514d976b36d4fbaa266,
        type: 3}
      propertyPath: m_LocalScale.z
      value: 0.50000024
      objectReference: {fileID: 0}
    - target: {fileID: 2187443354456285354, guid: f8c0564a881fc514d976b36d4fbaa266,
        type: 3}
      propertyPath: m_Name
      value: Pick Up (10)
      objectReference: {fileID: 0}
    m_RemovedComponents: []
  m_SourcePrefab: {fileID: 100100000, guid: f8c0564a881fc514d976b36d4fbaa266, type: 3}
--- !u!4 &1012795988 stripped
Transform:
  m_CorrespondingSourceObject: {fileID: 2187443354456285349, guid: f8c0564a881fc514d976b36d4fbaa266,
    type: 3}
  m_PrefabInstance: {fileID: 1012795987}
  m_PrefabAsset: {fileID: 0}
--- !u!1001 &1057202889
PrefabInstance:
  m_ObjectHideFlags: 0
  serializedVersion: 2
  m_Modification:
    m_TransformParent: {fileID: 790062284}
    m_Modifications:
    - target: {fileID: 2187443354456285349, guid: f8c0564a881fc514d976b36d4fbaa266,
        type: 3}
      propertyPath: m_LocalPosition.x
      value: 9.45
      objectReference: {fileID: 0}
    - target: {fileID: 2187443354456285349, guid: f8c0564a881fc514d976b36d4fbaa266,
        type: 3}
      propertyPath: m_LocalPosition.y
      value: 3.0483463
      objectReference: {fileID: 0}
    - target: {fileID: 2187443354456285349, guid: f8c0564a881fc514d976b36d4fbaa266,
        type: 3}
      propertyPath: m_LocalPosition.z
      value: 6.78
      objectReference: {fileID: 0}
    - target: {fileID: 2187443354456285349, guid: f8c0564a881fc514d976b36d4fbaa266,
        type: 3}
      propertyPath: m_LocalRotation.x
      value: 0.46193978
      objectReference: {fileID: 0}
    - target: {fileID: 2187443354456285349, guid: f8c0564a881fc514d976b36d4fbaa266,
        type: 3}
      propertyPath: m_LocalRotation.y
      value: 0.19134173
      objectReference: {fileID: 0}
    - target: {fileID: 2187443354456285349, guid: f8c0564a881fc514d976b36d4fbaa266,
        type: 3}
      propertyPath: m_LocalRotation.z
      value: 0.19134173
      objectReference: {fileID: 0}
    - target: {fileID: 2187443354456285349, guid: f8c0564a881fc514d976b36d4fbaa266,
        type: 3}
      propertyPath: m_LocalRotation.w
      value: 0.84462327
      objectReference: {fileID: 0}
    - target: {fileID: 2187443354456285349, guid: f8c0564a881fc514d976b36d4fbaa266,
        type: 3}
      propertyPath: m_RootOrder
      value: 3
      objectReference: {fileID: 0}
    - target: {fileID: 2187443354456285349, guid: f8c0564a881fc514d976b36d4fbaa266,
        type: 3}
      propertyPath: m_LocalEulerAnglesHint.x
      value: 45
      objectReference: {fileID: 0}
    - target: {fileID: 2187443354456285349, guid: f8c0564a881fc514d976b36d4fbaa266,
        type: 3}
      propertyPath: m_LocalEulerAnglesHint.y
      value: 45
      objectReference: {fileID: 0}
    - target: {fileID: 2187443354456285349, guid: f8c0564a881fc514d976b36d4fbaa266,
        type: 3}
      propertyPath: m_LocalEulerAnglesHint.z
      value: 45
      objectReference: {fileID: 0}
    - target: {fileID: 2187443354456285349, guid: f8c0564a881fc514d976b36d4fbaa266,
        type: 3}
      propertyPath: m_LocalScale.y
      value: 0.50000006
      objectReference: {fileID: 0}
    - target: {fileID: 2187443354456285349, guid: f8c0564a881fc514d976b36d4fbaa266,
        type: 3}
      propertyPath: m_LocalScale.z
      value: 0.50000024
      objectReference: {fileID: 0}
    - target: {fileID: 2187443354456285354, guid: f8c0564a881fc514d976b36d4fbaa266,
        type: 3}
      propertyPath: m_Name
      value: Pick Up (3)
      objectReference: {fileID: 0}
    m_RemovedComponents: []
  m_SourcePrefab: {fileID: 100100000, guid: f8c0564a881fc514d976b36d4fbaa266, type: 3}
--- !u!4 &1057202890 stripped
Transform:
  m_CorrespondingSourceObject: {fileID: 2187443354456285349, guid: f8c0564a881fc514d976b36d4fbaa266,
    type: 3}
  m_PrefabInstance: {fileID: 1057202889}
  m_PrefabAsset: {fileID: 0}
--- !u!1001 &1161305772
PrefabInstance:
  m_ObjectHideFlags: 0
  serializedVersion: 2
  m_Modification:
    m_TransformParent: {fileID: 790062284}
    m_Modifications:
    - target: {fileID: 2187443354456285349, guid: f8c0564a881fc514d976b36d4fbaa266,
        type: 3}
      propertyPath: m_LocalPosition.x
      value: 6.39
      objectReference: {fileID: 0}
    - target: {fileID: 2187443354456285349, guid: f8c0564a881fc514d976b36d4fbaa266,
        type: 3}
      propertyPath: m_LocalPosition.y
      value: 3.0483463
      objectReference: {fileID: 0}
    - target: {fileID: 2187443354456285349, guid: f8c0564a881fc514d976b36d4fbaa266,
        type: 3}
      propertyPath: m_LocalPosition.z
      value: 3.49
      objectReference: {fileID: 0}
    - target: {fileID: 2187443354456285349, guid: f8c0564a881fc514d976b36d4fbaa266,
        type: 3}
      propertyPath: m_LocalRotation.x
      value: 0.46193978
      objectReference: {fileID: 0}
    - target: {fileID: 2187443354456285349, guid: f8c0564a881fc514d976b36d4fbaa266,
        type: 3}
      propertyPath: m_LocalRotation.y
      value: 0.19134173
      objectReference: {fileID: 0}
    - target: {fileID: 2187443354456285349, guid: f8c0564a881fc514d976b36d4fbaa266,
        type: 3}
      propertyPath: m_LocalRotation.z
      value: 0.19134173
      objectReference: {fileID: 0}
    - target: {fileID: 2187443354456285349, guid: f8c0564a881fc514d976b36d4fbaa266,
        type: 3}
      propertyPath: m_LocalRotation.w
      value: 0.84462327
      objectReference: {fileID: 0}
    - target: {fileID: 2187443354456285349, guid: f8c0564a881fc514d976b36d4fbaa266,
        type: 3}
      propertyPath: m_RootOrder
      value: 6
      objectReference: {fileID: 0}
    - target: {fileID: 2187443354456285349, guid: f8c0564a881fc514d976b36d4fbaa266,
        type: 3}
      propertyPath: m_LocalEulerAnglesHint.x
      value: 45
      objectReference: {fileID: 0}
    - target: {fileID: 2187443354456285349, guid: f8c0564a881fc514d976b36d4fbaa266,
        type: 3}
      propertyPath: m_LocalEulerAnglesHint.y
      value: 45
      objectReference: {fileID: 0}
    - target: {fileID: 2187443354456285349, guid: f8c0564a881fc514d976b36d4fbaa266,
        type: 3}
      propertyPath: m_LocalEulerAnglesHint.z
      value: 45
      objectReference: {fileID: 0}
    - target: {fileID: 2187443354456285349, guid: f8c0564a881fc514d976b36d4fbaa266,
        type: 3}
      propertyPath: m_LocalScale.y
      value: 0.50000006
      objectReference: {fileID: 0}
    - target: {fileID: 2187443354456285349, guid: f8c0564a881fc514d976b36d4fbaa266,
        type: 3}
      propertyPath: m_LocalScale.z
      value: 0.50000024
      objectReference: {fileID: 0}
    - target: {fileID: 2187443354456285354, guid: f8c0564a881fc514d976b36d4fbaa266,
        type: 3}
      propertyPath: m_Name
      value: Pick Up (6)
      objectReference: {fileID: 0}
    m_RemovedComponents: []
  m_SourcePrefab: {fileID: 100100000, guid: f8c0564a881fc514d976b36d4fbaa266, type: 3}
--- !u!4 &1161305773 stripped
Transform:
  m_CorrespondingSourceObject: {fileID: 2187443354456285349, guid: f8c0564a881fc514d976b36d4fbaa266,
    type: 3}
  m_PrefabInstance: {fileID: 1161305772}
  m_PrefabAsset: {fileID: 0}
--- !u!1 &1331436133
GameObject:
  m_ObjectHideFlags: 0
  m_CorrespondingSourceObject: {fileID: 0}
  m_PrefabInstance: {fileID: 0}
  m_PrefabAsset: {fileID: 0}
  serializedVersion: 6
  m_Component:
  - component: {fileID: 1331436137}
  - component: {fileID: 1331436136}
  - component: {fileID: 1331436135}
  - component: {fileID: 1331436134}
  - component: {fileID: 1331436139}
  - component: {fileID: 1331436138}
  m_Layer: 0
  m_Name: Player
  m_TagString: Untagged
  m_Icon: {fileID: 0}
  m_NavMeshLayer: 0
  m_StaticEditorFlags: 0
  m_IsActive: 1
--- !u!135 &1331436134
SphereCollider:
  m_ObjectHideFlags: 0
  m_CorrespondingSourceObject: {fileID: 0}
  m_PrefabInstance: {fileID: 0}
  m_PrefabAsset: {fileID: 0}
  m_GameObject: {fileID: 1331436133}
  m_Material: {fileID: 0}
  m_IsTrigger: 0
  m_Enabled: 1
  serializedVersion: 2
  m_Radius: 0.5
  m_Center: {x: 0, y: 0, z: 0}
--- !u!23 &1331436135
MeshRenderer:
  m_ObjectHideFlags: 0
  m_CorrespondingSourceObject: {fileID: 0}
  m_PrefabInstance: {fileID: 0}
  m_PrefabAsset: {fileID: 0}
  m_GameObject: {fileID: 1331436133}
  m_Enabled: 1
  m_CastShadows: 1
  m_ReceiveShadows: 1
  m_DynamicOccludee: 1
  m_MotionVectors: 1
  m_LightProbeUsage: 1
  m_ReflectionProbeUsage: 1
  m_RenderingLayerMask: 1
  m_RendererPriority: 0
  m_Materials:
  - {fileID: 10303, guid: 0000000000000000f000000000000000, type: 0}
  m_StaticBatchInfo:
    firstSubMesh: 0
    subMeshCount: 0
  m_StaticBatchRoot: {fileID: 0}
  m_ProbeAnchor: {fileID: 0}
  m_LightProbeVolumeOverride: {fileID: 0}
  m_ScaleInLightmap: 1
  m_ReceiveGI: 1
  m_PreserveUVs: 0
  m_IgnoreNormalsForChartDetection: 0
  m_ImportantGI: 0
  m_StitchLightmapSeams: 1
  m_SelectedEditorRenderState: 3
  m_MinimumChartSize: 4
  m_AutoUVMaxDistance: 0.5
  m_AutoUVMaxAngle: 89
  m_LightmapParameters: {fileID: 0}
  m_SortingLayerID: 0
  m_SortingLayer: 0
  m_SortingOrder: 0
--- !u!33 &1331436136
MeshFilter:
  m_ObjectHideFlags: 0
  m_CorrespondingSourceObject: {fileID: 0}
  m_PrefabInstance: {fileID: 0}
  m_PrefabAsset: {fileID: 0}
  m_GameObject: {fileID: 1331436133}
  m_Mesh: {fileID: 10207, guid: 0000000000000000e000000000000000, type: 0}
--- !u!4 &1331436137
Transform:
  m_ObjectHideFlags: 0
  m_CorrespondingSourceObject: {fileID: 0}
  m_PrefabInstance: {fileID: 0}
  m_PrefabAsset: {fileID: 0}
  m_GameObject: {fileID: 1331436133}
  m_LocalRotation: {x: 0, y: 0, z: 0, w: 1}
  m_LocalPosition: {x: 0, y: 0.5, z: 0}
  m_LocalScale: {x: 1, y: 1, z: 1}
  m_Children: []
  m_Father: {fileID: 0}
  m_RootOrder: 2
  m_LocalEulerAnglesHint: {x: 0, y: 0, z: 0}
--- !u!114 &1331436138
MonoBehaviour:
  m_ObjectHideFlags: 0
  m_CorrespondingSourceObject: {fileID: 0}
  m_PrefabInstance: {fileID: 0}
  m_PrefabAsset: {fileID: 0}
  m_GameObject: {fileID: 1331436133}
  m_Enabled: 1
  m_EditorHideFlags: 0
  m_Script: {fileID: 11500000, guid: 8da0d4b5b14cfaa429f375ef2d19a560, type: 3}
  m_Name: 
  m_EditorClassIdentifier: 
  speed: 10
  countText: {fileID: 829404335}
  winText: {fileID: 2046905105}
  timerText: {fileID: 745263584}
  timelimit: 30
  jumpForce: 250
--- !u!54 &1331436139
Rigidbody:
  m_ObjectHideFlags: 0
  m_CorrespondingSourceObject: {fileID: 0}
  m_PrefabInstance: {fileID: 0}
  m_PrefabAsset: {fileID: 0}
  m_GameObject: {fileID: 1331436133}
  serializedVersion: 2
  m_Mass: 1
  m_Drag: 0
  m_AngularDrag: 0.05
  m_UseGravity: 1
  m_IsKinematic: 0
  m_Interpolate: 0
  m_Constraints: 0
  m_CollisionDetection: 0
--- !u!1 &1390902643
GameObject:
  m_ObjectHideFlags: 0
  m_CorrespondingSourceObject: {fileID: 0}
  m_PrefabInstance: {fileID: 0}
  m_PrefabAsset: {fileID: 0}
  serializedVersion: 6
  m_Component:
  - component: {fileID: 1390902646}
  - component: {fileID: 1390902645}
  - component: {fileID: 1390902644}
  - component: {fileID: 1390902647}
  m_Layer: 0
  m_Name: Main Camera
  m_TagString: MainCamera
  m_Icon: {fileID: 0}
  m_NavMeshLayer: 0
  m_StaticEditorFlags: 0
  m_IsActive: 1
--- !u!81 &1390902644
AudioListener:
  m_ObjectHideFlags: 0
  m_CorrespondingSourceObject: {fileID: 0}
  m_PrefabInstance: {fileID: 0}
  m_PrefabAsset: {fileID: 0}
  m_GameObject: {fileID: 1390902643}
  m_Enabled: 1
--- !u!20 &1390902645
Camera:
  m_ObjectHideFlags: 0
  m_CorrespondingSourceObject: {fileID: 0}
  m_PrefabInstance: {fileID: 0}
  m_PrefabAsset: {fileID: 0}
  m_GameObject: {fileID: 1390902643}
  m_Enabled: 1
  serializedVersion: 2
  m_ClearFlags: 1
  m_BackGroundColor: {r: 0.19215687, g: 0.3019608, b: 0.4745098, a: 0}
  m_projectionMatrixMode: 1
  m_GateFitMode: 2
  m_FOVAxisMode: 0
  m_SensorSize: {x: 36, y: 24}
  m_LensShift: {x: 0, y: 0}
  m_FocalLength: 50
  m_NormalizedViewPortRect:
    serializedVersion: 2
    x: 0
    y: 0
    width: 1
    height: 1
  near clip plane: 0.3
  far clip plane: 1000
  field of view: 60
  orthographic: 0
  orthographic size: 5
  m_Depth: -1
  m_CullingMask:
    serializedVersion: 2
    m_Bits: 4294967295
  m_RenderingPath: -1
  m_TargetTexture: {fileID: 0}
  m_TargetDisplay: 0
  m_TargetEye: 3
  m_HDR: 1
  m_AllowMSAA: 1
  m_AllowDynamicResolution: 0
  m_ForceIntoRT: 0
  m_OcclusionCulling: 1
  m_StereoConvergence: 10
  m_StereoSeparation: 0.022
--- !u!4 &1390902646
Transform:
  m_ObjectHideFlags: 0
  m_CorrespondingSourceObject: {fileID: 0}
  m_PrefabInstance: {fileID: 0}
  m_PrefabAsset: {fileID: 0}
  m_GameObject: {fileID: 1390902643}
  m_LocalRotation: {x: 0.38268343, y: -0, z: -0, w: 0.92387956}
  m_LocalPosition: {x: 0, y: 10, z: -10}
  m_LocalScale: {x: 1, y: 1, z: 1}
  m_Children: []
  m_Father: {fileID: 0}
  m_RootOrder: 3
  m_LocalEulerAnglesHint: {x: 45, y: 0, z: 0}
--- !u!114 &1390902647
MonoBehaviour:
  m_ObjectHideFlags: 0
  m_CorrespondingSourceObject: {fileID: 0}
  m_PrefabInstance: {fileID: 0}
  m_PrefabAsset: {fileID: 0}
  m_GameObject: {fileID: 1390902643}
  m_Enabled: 1
  m_EditorHideFlags: 0
  m_Script: {fileID: 11500000, guid: 50067f8d8dc559244b23cdd97bc934d3, type: 3}
  m_Name: 
  m_EditorClassIdentifier: 
  player: {fileID: 1331436133}
--- !u!1 &1395479993
GameObject:
  m_ObjectHideFlags: 0
  m_CorrespondingSourceObject: {fileID: 0}
  m_PrefabInstance: {fileID: 0}
  m_PrefabAsset: {fileID: 0}
  serializedVersion: 6
  m_Component:
  - component: {fileID: 1395479997}
  - component: {fileID: 1395479996}
  - component: {fileID: 1395479995}
  - component: {fileID: 1395479994}
  m_Layer: 0
  m_Name: ground
  m_TagString: Untagged
  m_Icon: {fileID: 0}
  m_NavMeshLayer: 0
  m_StaticEditorFlags: 0
  m_IsActive: 1
--- !u!64 &1395479994
MeshCollider:
  m_ObjectHideFlags: 0
  m_CorrespondingSourceObject: {fileID: 0}
  m_PrefabInstance: {fileID: 0}
  m_PrefabAsset: {fileID: 0}
  m_GameObject: {fileID: 1395479993}
  m_Material: {fileID: 0}
  m_IsTrigger: 0
  m_Enabled: 1
  serializedVersion: 3
  m_Convex: 0
  m_CookingOptions: 14
  m_Mesh: {fileID: 10209, guid: 0000000000000000e000000000000000, type: 0}
--- !u!23 &1395479995
MeshRenderer:
  m_ObjectHideFlags: 0
  m_CorrespondingSourceObject: {fileID: 0}
  m_PrefabInstance: {fileID: 0}
  m_PrefabAsset: {fileID: 0}
  m_GameObject: {fileID: 1395479993}
  m_Enabled: 1
  m_CastShadows: 1
  m_ReceiveShadows: 1
  m_DynamicOccludee: 1
  m_MotionVectors: 1
  m_LightProbeUsage: 1
  m_ReflectionProbeUsage: 1
  m_RenderingLayerMask: 1
  m_RendererPriority: 0
  m_Materials:
  - {fileID: 2100000, guid: 509057c3ef4bad24ca3d464efe3d20e5, type: 2}
  m_StaticBatchInfo:
    firstSubMesh: 0
    subMeshCount: 0
  m_StaticBatchRoot: {fileID: 0}
  m_ProbeAnchor: {fileID: 0}
  m_LightProbeVolumeOverride: {fileID: 0}
  m_ScaleInLightmap: 1
  m_ReceiveGI: 1
  m_PreserveUVs: 0
  m_IgnoreNormalsForChartDetection: 0
  m_ImportantGI: 0
  m_StitchLightmapSeams: 1
  m_SelectedEditorRenderState: 3
  m_MinimumChartSize: 4
  m_AutoUVMaxDistance: 0.5
  m_AutoUVMaxAngle: 89
  m_LightmapParameters: {fileID: 0}
  m_SortingLayerID: 0
  m_SortingLayer: 0
  m_SortingOrder: 0
--- !u!33 &1395479996
MeshFilter:
  m_ObjectHideFlags: 0
  m_CorrespondingSourceObject: {fileID: 0}
  m_PrefabInstance: {fileID: 0}
  m_PrefabAsset: {fileID: 0}
  m_GameObject: {fileID: 1395479993}
  m_Mesh: {fileID: 10209, guid: 0000000000000000e000000000000000, type: 0}
--- !u!4 &1395479997
Transform:
  m_ObjectHideFlags: 0
  m_CorrespondingSourceObject: {fileID: 0}
  m_PrefabInstance: {fileID: 0}
  m_PrefabAsset: {fileID: 0}
  m_GameObject: {fileID: 1395479993}
  m_LocalRotation: {x: 0, y: 0, z: 0, w: 1}
  m_LocalPosition: {x: 0, y: 0, z: 0}
  m_LocalScale: {x: 2, y: 1, z: 2}
  m_Children: []
  m_Father: {fileID: 0}
  m_RootOrder: 1
  m_LocalEulerAnglesHint: {x: 0, y: 0, z: 0}
--- !u!4 &1406308980 stripped
Transform:
  m_CorrespondingSourceObject: {fileID: 9063976262188879490, guid: f0e75fe9da2a2e34e856713a72c47508,
    type: 3}
  m_PrefabInstance: {fileID: 9063976263047568630}
  m_PrefabAsset: {fileID: 0}
--- !u!1 &1467476812
GameObject:
  m_ObjectHideFlags: 0
  m_CorrespondingSourceObject: {fileID: 0}
  m_PrefabInstance: {fileID: 0}
  m_PrefabAsset: {fileID: 0}
  serializedVersion: 6
  m_Component:
  - component: {fileID: 1467476813}
  - component: {fileID: 1467476816}
  - component: {fileID: 1467476815}
  - component: {fileID: 1467476814}
  m_Layer: 0
  m_Name: SourthWall
  m_TagString: Untagged
  m_Icon: {fileID: 0}
  m_NavMeshLayer: 0
  m_StaticEditorFlags: 0
  m_IsActive: 1
--- !u!4 &1467476813
Transform:
  m_ObjectHideFlags: 0
  m_CorrespondingSourceObject: {fileID: 0}
  m_PrefabInstance: {fileID: 0}
  m_PrefabAsset: {fileID: 0}
  m_GameObject: {fileID: 1467476812}
  m_LocalRotation: {x: 0, y: 0, z: 0, w: 1}
  m_LocalPosition: {x: 0, y: 0, z: 10}
  m_LocalScale: {x: 20.5, y: 2, z: 0.5}
  m_Children: []
  m_Father: {fileID: 1708978718}
  m_RootOrder: 3
  m_LocalEulerAnglesHint: {x: 0, y: 0, z: 0}
--- !u!65 &1467476814
BoxCollider:
  m_ObjectHideFlags: 0
  m_CorrespondingSourceObject: {fileID: 0}
  m_PrefabInstance: {fileID: 0}
  m_PrefabAsset: {fileID: 0}
  m_GameObject: {fileID: 1467476812}
  m_Material: {fileID: 0}
  m_IsTrigger: 0
  m_Enabled: 1
  serializedVersion: 2
  m_Size: {x: 1, y: 1, z: 1}
  m_Center: {x: 0, y: 0, z: 0}
--- !u!23 &1467476815
MeshRenderer:
  m_ObjectHideFlags: 0
  m_CorrespondingSourceObject: {fileID: 0}
  m_PrefabInstance: {fileID: 0}
  m_PrefabAsset: {fileID: 0}
  m_GameObject: {fileID: 1467476812}
  m_Enabled: 1
  m_CastShadows: 1
  m_ReceiveShadows: 1
  m_DynamicOccludee: 1
  m_MotionVectors: 1
  m_LightProbeUsage: 1
  m_ReflectionProbeUsage: 1
  m_RenderingLayerMask: 1
  m_RendererPriority: 0
  m_Materials:
  - {fileID: 10303, guid: 0000000000000000f000000000000000, type: 0}
  m_StaticBatchInfo:
    firstSubMesh: 0
    subMeshCount: 0
  m_StaticBatchRoot: {fileID: 0}
  m_ProbeAnchor: {fileID: 0}
  m_LightProbeVolumeOverride: {fileID: 0}
  m_ScaleInLightmap: 1
  m_ReceiveGI: 1
  m_PreserveUVs: 0
  m_IgnoreNormalsForChartDetection: 0
  m_ImportantGI: 0
  m_StitchLightmapSeams: 1
  m_SelectedEditorRenderState: 3
  m_MinimumChartSize: 4
  m_AutoUVMaxDistance: 0.5
  m_AutoUVMaxAngle: 89
  m_LightmapParameters: {fileID: 0}
  m_SortingLayerID: 0
  m_SortingLayer: 0
  m_SortingOrder: 0
--- !u!33 &1467476816
MeshFilter:
  m_ObjectHideFlags: 0
  m_CorrespondingSourceObject: {fileID: 0}
  m_PrefabInstance: {fileID: 0}
  m_PrefabAsset: {fileID: 0}
  m_GameObject: {fileID: 1467476812}
  m_Mesh: {fileID: 10202, guid: 0000000000000000e000000000000000, type: 0}
--- !u!1 &1570932605
GameObject:
  m_ObjectHideFlags: 0
  m_CorrespondingSourceObject: {fileID: 0}
  m_PrefabInstance: {fileID: 0}
  m_PrefabAsset: {fileID: 0}
  serializedVersion: 6
  m_Component:
  - component: {fileID: 1570932606}
  - component: {fileID: 1570932609}
  - component: {fileID: 1570932608}
  - component: {fileID: 1570932607}
  m_Layer: 0
  m_Name: EastWall
  m_TagString: Untagged
  m_Icon: {fileID: 0}
  m_NavMeshLayer: 0
  m_StaticEditorFlags: 0
  m_IsActive: 1
--- !u!4 &1570932606
Transform:
  m_ObjectHideFlags: 0
  m_CorrespondingSourceObject: {fileID: 0}
  m_PrefabInstance: {fileID: 0}
  m_PrefabAsset: {fileID: 0}
  m_GameObject: {fileID: 1570932605}
  m_LocalRotation: {x: 0, y: 0, z: 0, w: 1}
  m_LocalPosition: {x: 10, y: 0, z: 0}
  m_LocalScale: {x: 0.5, y: 2, z: 20.5}
  m_Children: []
  m_Father: {fileID: 1708978718}
  m_RootOrder: 1
  m_LocalEulerAnglesHint: {x: 0, y: 0, z: 0}
--- !u!65 &1570932607
BoxCollider:
  m_ObjectHideFlags: 0
  m_CorrespondingSourceObject: {fileID: 0}
  m_PrefabInstance: {fileID: 0}
  m_PrefabAsset: {fileID: 0}
  m_GameObject: {fileID: 1570932605}
  m_Material: {fileID: 0}
  m_IsTrigger: 0
  m_Enabled: 1
  serializedVersion: 2
  m_Size: {x: 1, y: 1, z: 1}
  m_Center: {x: 0, y: 0, z: 0}
--- !u!23 &1570932608
MeshRenderer:
  m_ObjectHideFlags: 0
  m_CorrespondingSourceObject: {fileID: 0}
  m_PrefabInstance: {fileID: 0}
  m_PrefabAsset: {fileID: 0}
  m_GameObject: {fileID: 1570932605}
  m_Enabled: 1
  m_CastShadows: 1
  m_ReceiveShadows: 1
  m_DynamicOccludee: 1
  m_MotionVectors: 1
  m_LightProbeUsage: 1
  m_ReflectionProbeUsage: 1
  m_RenderingLayerMask: 1
  m_RendererPriority: 0
  m_Materials:
  - {fileID: 10303, guid: 0000000000000000f000000000000000, type: 0}
  m_StaticBatchInfo:
    firstSubMesh: 0
    subMeshCount: 0
  m_StaticBatchRoot: {fileID: 0}
  m_ProbeAnchor: {fileID: 0}
  m_LightProbeVolumeOverride: {fileID: 0}
  m_ScaleInLightmap: 1
  m_ReceiveGI: 1
  m_PreserveUVs: 0
  m_IgnoreNormalsForChartDetection: 0
  m_ImportantGI: 0
  m_StitchLightmapSeams: 1
  m_SelectedEditorRenderState: 3
  m_MinimumChartSize: 4
  m_AutoUVMaxDistance: 0.5
  m_AutoUVMaxAngle: 89
  m_LightmapParameters: {fileID: 0}
  m_SortingLayerID: 0
  m_SortingLayer: 0
  m_SortingOrder: 0
--- !u!33 &1570932609
MeshFilter:
  m_ObjectHideFlags: 0
  m_CorrespondingSourceObject: {fileID: 0}
  m_PrefabInstance: {fileID: 0}
  m_PrefabAsset: {fileID: 0}
  m_GameObject: {fileID: 1570932605}
  m_Mesh: {fileID: 10202, guid: 0000000000000000e000000000000000, type: 0}
--- !u!1 &1708978717
GameObject:
  m_ObjectHideFlags: 0
  m_CorrespondingSourceObject: {fileID: 0}
  m_PrefabInstance: {fileID: 0}
  m_PrefabAsset: {fileID: 0}
  serializedVersion: 6
  m_Component:
  - component: {fileID: 1708978718}
  m_Layer: 0
  m_Name: Walls
  m_TagString: Untagged
  m_Icon: {fileID: 0}
  m_NavMeshLayer: 0
  m_StaticEditorFlags: 0
  m_IsActive: 1
--- !u!4 &1708978718
Transform:
  m_ObjectHideFlags: 0
  m_CorrespondingSourceObject: {fileID: 0}
  m_PrefabInstance: {fileID: 0}
  m_PrefabAsset: {fileID: 0}
  m_GameObject: {fileID: 1708978717}
  m_LocalRotation: {x: 0, y: 0, z: 0, w: 1}
  m_LocalPosition: {x: 0, y: 0, z: 0}
  m_LocalScale: {x: 1, y: 1, z: 1}
  m_Children:
  - {fileID: 767696841}
  - {fileID: 1570932606}
  - {fileID: 1824059769}
  - {fileID: 1467476813}
  m_Father: {fileID: 0}
  m_RootOrder: 4
  m_LocalEulerAnglesHint: {x: 0, y: 0, z: 0}
--- !u!1001 &1786373939
PrefabInstance:
  m_ObjectHideFlags: 0
  serializedVersion: 2
  m_Modification:
    m_TransformParent: {fileID: 790062284}
    m_Modifications:
    - target: {fileID: 2187443354456285349, guid: f8c0564a881fc514d976b36d4fbaa266,
        type: 3}
      propertyPath: m_LocalPosition.x
      value: 0.41
      objectReference: {fileID: 0}
    - target: {fileID: 2187443354456285349, guid: f8c0564a881fc514d976b36d4fbaa266,
        type: 3}
      propertyPath: m_LocalPosition.y
      value: 3.0483463
      objectReference: {fileID: 0}
    - target: {fileID: 2187443354456285349, guid: f8c0564a881fc514d976b36d4fbaa266,
        type: 3}
      propertyPath: m_LocalPosition.z
      value: 10.4
      objectReference: {fileID: 0}
    - target: {fileID: 2187443354456285349, guid: f8c0564a881fc514d976b36d4fbaa266,
        type: 3}
      propertyPath: m_LocalRotation.x
      value: 0.46193978
      objectReference: {fileID: 0}
    - target: {fileID: 2187443354456285349, guid: f8c0564a881fc514d976b36d4fbaa266,
        type: 3}
      propertyPath: m_LocalRotation.y
      value: 0.19134173
      objectReference: {fileID: 0}
    - target: {fileID: 2187443354456285349, guid: f8c0564a881fc514d976b36d4fbaa266,
        type: 3}
      propertyPath: m_LocalRotation.z
      value: 0.19134173
      objectReference: {fileID: 0}
    - target: {fileID: 2187443354456285349, guid: f8c0564a881fc514d976b36d4fbaa266,
        type: 3}
      propertyPath: m_LocalRotation.w
      value: 0.84462327
      objectReference: {fileID: 0}
    - target: {fileID: 2187443354456285349, guid: f8c0564a881fc514d976b36d4fbaa266,
        type: 3}
      propertyPath: m_RootOrder
      value: 8
      objectReference: {fileID: 0}
    - target: {fileID: 2187443354456285349, guid: f8c0564a881fc514d976b36d4fbaa266,
        type: 3}
      propertyPath: m_LocalEulerAnglesHint.x
      value: 45
      objectReference: {fileID: 0}
    - target: {fileID: 2187443354456285349, guid: f8c0564a881fc514d976b36d4fbaa266,
        type: 3}
      propertyPath: m_LocalEulerAnglesHint.y
      value: 45
      objectReference: {fileID: 0}
    - target: {fileID: 2187443354456285349, guid: f8c0564a881fc514d976b36d4fbaa266,
        type: 3}
      propertyPath: m_LocalEulerAnglesHint.z
      value: 45
      objectReference: {fileID: 0}
    - target: {fileID: 2187443354456285349, guid: f8c0564a881fc514d976b36d4fbaa266,
        type: 3}
      propertyPath: m_LocalScale.y
      value: 0.50000006
      objectReference: {fileID: 0}
    - target: {fileID: 2187443354456285349, guid: f8c0564a881fc514d976b36d4fbaa266,
        type: 3}
      propertyPath: m_LocalScale.z
      value: 0.50000024
      objectReference: {fileID: 0}
    - target: {fileID: 2187443354456285354, guid: f8c0564a881fc514d976b36d4fbaa266,
        type: 3}
      propertyPath: m_Name
      value: Pick Up (8)
      objectReference: {fileID: 0}
    m_RemovedComponents: []
  m_SourcePrefab: {fileID: 100100000, guid: f8c0564a881fc514d976b36d4fbaa266, type: 3}
--- !u!4 &1786373940 stripped
Transform:
  m_CorrespondingSourceObject: {fileID: 2187443354456285349, guid: f8c0564a881fc514d976b36d4fbaa266,
    type: 3}
  m_PrefabInstance: {fileID: 1786373939}
  m_PrefabAsset: {fileID: 0}
--- !u!1 &1824059768
GameObject:
  m_ObjectHideFlags: 0
  m_CorrespondingSourceObject: {fileID: 0}
  m_PrefabInstance: {fileID: 0}
  m_PrefabAsset: {fileID: 0}
  serializedVersion: 6
  m_Component:
  - component: {fileID: 1824059769}
  - component: {fileID: 1824059772}
  - component: {fileID: 1824059771}
  - component: {fileID: 1824059770}
  m_Layer: 0
  m_Name: NorthWall
  m_TagString: Untagged
  m_Icon: {fileID: 0}
  m_NavMeshLayer: 0
  m_StaticEditorFlags: 0
  m_IsActive: 1
--- !u!4 &1824059769
Transform:
  m_ObjectHideFlags: 0
  m_CorrespondingSourceObject: {fileID: 0}
  m_PrefabInstance: {fileID: 0}
  m_PrefabAsset: {fileID: 0}
  m_GameObject: {fileID: 1824059768}
  m_LocalRotation: {x: 0, y: 0, z: 0, w: 1}
  m_LocalPosition: {x: 0, y: 0, z: -10}
  m_LocalScale: {x: 20.5, y: 2, z: 0.5}
  m_Children: []
  m_Father: {fileID: 1708978718}
  m_RootOrder: 2
  m_LocalEulerAnglesHint: {x: 0, y: 0, z: 0}
--- !u!65 &1824059770
BoxCollider:
  m_ObjectHideFlags: 0
  m_CorrespondingSourceObject: {fileID: 0}
  m_PrefabInstance: {fileID: 0}
  m_PrefabAsset: {fileID: 0}
  m_GameObject: {fileID: 1824059768}
  m_Material: {fileID: 0}
  m_IsTrigger: 0
  m_Enabled: 1
  serializedVersion: 2
  m_Size: {x: 1, y: 1, z: 1}
  m_Center: {x: 0, y: 0, z: 0}
--- !u!23 &1824059771
MeshRenderer:
  m_ObjectHideFlags: 0
  m_CorrespondingSourceObject: {fileID: 0}
  m_PrefabInstance: {fileID: 0}
  m_PrefabAsset: {fileID: 0}
  m_GameObject: {fileID: 1824059768}
  m_Enabled: 1
  m_CastShadows: 1
  m_ReceiveShadows: 1
  m_DynamicOccludee: 1
  m_MotionVectors: 1
  m_LightProbeUsage: 1
  m_ReflectionProbeUsage: 1
  m_RenderingLayerMask: 1
  m_RendererPriority: 0
  m_Materials:
  - {fileID: 10303, guid: 0000000000000000f000000000000000, type: 0}
  m_StaticBatchInfo:
    firstSubMesh: 0
    subMeshCount: 0
  m_StaticBatchRoot: {fileID: 0}
  m_ProbeAnchor: {fileID: 0}
  m_LightProbeVolumeOverride: {fileID: 0}
  m_ScaleInLightmap: 1
  m_ReceiveGI: 1
  m_PreserveUVs: 0
  m_IgnoreNormalsForChartDetection: 0
  m_ImportantGI: 0
  m_StitchLightmapSeams: 1
  m_SelectedEditorRenderState: 3
  m_MinimumChartSize: 4
  m_AutoUVMaxDistance: 0.5
  m_AutoUVMaxAngle: 89
  m_LightmapParameters: {fileID: 0}
  m_SortingLayerID: 0
  m_SortingLayer: 0
  m_SortingOrder: 0
--- !u!33 &1824059772
MeshFilter:
  m_ObjectHideFlags: 0
  m_CorrespondingSourceObject: {fileID: 0}
  m_PrefabInstance: {fileID: 0}
  m_PrefabAsset: {fileID: 0}
  m_GameObject: {fileID: 1824059768}
  m_Mesh: {fileID: 10202, guid: 0000000000000000e000000000000000, type: 0}
--- !u!1 &1829279096
GameObject:
  m_ObjectHideFlags: 0
  m_CorrespondingSourceObject: {fileID: 0}
  m_PrefabInstance: {fileID: 0}
  m_PrefabAsset: {fileID: 0}
  serializedVersion: 6
  m_Component:
  - component: {fileID: 1829279100}
  - component: {fileID: 1829279099}
  - component: {fileID: 1829279098}
  - component: {fileID: 1829279097}
  m_Layer: 5
  m_Name: Canvas
  m_TagString: Untagged
  m_Icon: {fileID: 0}
  m_NavMeshLayer: 0
  m_StaticEditorFlags: 0
  m_IsActive: 1
--- !u!114 &1829279097
MonoBehaviour:
  m_ObjectHideFlags: 0
  m_CorrespondingSourceObject: {fileID: 0}
  m_PrefabInstance: {fileID: 0}
  m_PrefabAsset: {fileID: 0}
  m_GameObject: {fileID: 1829279096}
  m_Enabled: 1
  m_EditorHideFlags: 0
  m_Script: {fileID: 11500000, guid: dc42784cf147c0c48a680349fa168899, type: 3}
  m_Name: 
  m_EditorClassIdentifier: 
  m_IgnoreReversedGraphics: 1
  m_BlockingObjects: 0
  m_BlockingMask:
    serializedVersion: 2
    m_Bits: 4294967295
--- !u!114 &1829279098
MonoBehaviour:
  m_ObjectHideFlags: 0
  m_CorrespondingSourceObject: {fileID: 0}
  m_PrefabInstance: {fileID: 0}
  m_PrefabAsset: {fileID: 0}
  m_GameObject: {fileID: 1829279096}
  m_Enabled: 1
  m_EditorHideFlags: 0
  m_Script: {fileID: 11500000, guid: 0cd44c1031e13a943bb63640046fad76, type: 3}
  m_Name: 
  m_EditorClassIdentifier: 
  m_UiScaleMode: 0
  m_ReferencePixelsPerUnit: 100
  m_ScaleFactor: 1
  m_ReferenceResolution: {x: 800, y: 600}
  m_ScreenMatchMode: 0
  m_MatchWidthOrHeight: 0
  m_PhysicalUnit: 3
  m_FallbackScreenDPI: 96
  m_DefaultSpriteDPI: 96
  m_DynamicPixelsPerUnit: 1
--- !u!223 &1829279099
Canvas:
  m_ObjectHideFlags: 0
  m_CorrespondingSourceObject: {fileID: 0}
  m_PrefabInstance: {fileID: 0}
  m_PrefabAsset: {fileID: 0}
  m_GameObject: {fileID: 1829279096}
  m_Enabled: 1
  serializedVersion: 3
  m_RenderMode: 0
  m_Camera: {fileID: 0}
  m_PlaneDistance: 100
  m_PixelPerfect: 0
  m_ReceivesEvents: 1
  m_OverrideSorting: 0
  m_OverridePixelPerfect: 0
  m_SortingBucketNormalizedSize: 0
  m_AdditionalShaderChannelsFlag: 0
  m_SortingLayerID: 0
  m_SortingOrder: 0
  m_TargetDisplay: 0
--- !u!224 &1829279100
RectTransform:
  m_ObjectHideFlags: 0
  m_CorrespondingSourceObject: {fileID: 0}
  m_PrefabInstance: {fileID: 0}
  m_PrefabAsset: {fileID: 0}
  m_GameObject: {fileID: 1829279096}
  m_LocalRotation: {x: 0, y: 0, z: 0, w: 1}
  m_LocalPosition: {x: 0, y: 0, z: 0}
  m_LocalScale: {x: 0, y: 0, z: 0}
  m_Children:
  - {fileID: 829404334}
  - {fileID: 2046905104}
  - {fileID: 745263583}
  m_Father: {fileID: 0}
  m_RootOrder: 6
  m_LocalEulerAnglesHint: {x: 0, y: 0, z: 0}
  m_AnchorMin: {x: 0, y: 0}
  m_AnchorMax: {x: 0, y: 0}
  m_AnchoredPosition: {x: 0, y: 0}
  m_SizeDelta: {x: 0, y: 0}
  m_Pivot: {x: 0, y: 0}
--- !u!1001 &1955139372
PrefabInstance:
  m_ObjectHideFlags: 0
  serializedVersion: 2
  m_Modification:
    m_TransformParent: {fileID: 790062284}
    m_Modifications:
    - target: {fileID: 2187443354456285349, guid: f8c0564a881fc514d976b36d4fbaa266,
        type: 3}
      propertyPath: m_LocalPosition.x
      value: 12.482307
      objectReference: {fileID: 0}
    - target: {fileID: 2187443354456285349, guid: f8c0564a881fc514d976b36d4fbaa266,
        type: 3}
      propertyPath: m_LocalPosition.y
      value: 3.0483463
      objectReference: {fileID: 0}
    - target: {fileID: 2187443354456285349, guid: f8c0564a881fc514d976b36d4fbaa266,
        type: 3}
      propertyPath: m_LocalPosition.z
      value: 10.27
      objectReference: {fileID: 0}
    - target: {fileID: 2187443354456285349, guid: f8c0564a881fc514d976b36d4fbaa266,
        type: 3}
      propertyPath: m_LocalRotation.x
      value: 0.46193978
      objectReference: {fileID: 0}
    - target: {fileID: 2187443354456285349, guid: f8c0564a881fc514d976b36d4fbaa266,
        type: 3}
      propertyPath: m_LocalRotation.y
      value: 0.19134173
      objectReference: {fileID: 0}
    - target: {fileID: 2187443354456285349, guid: f8c0564a881fc514d976b36d4fbaa266,
        type: 3}
      propertyPath: m_LocalRotation.z
      value: 0.19134173
      objectReference: {fileID: 0}
    - target: {fileID: 2187443354456285349, guid: f8c0564a881fc514d976b36d4fbaa266,
        type: 3}
      propertyPath: m_LocalRotation.w
      value: 0.84462327
      objectReference: {fileID: 0}
    - target: {fileID: 2187443354456285349, guid: f8c0564a881fc514d976b36d4fbaa266,
        type: 3}
      propertyPath: m_RootOrder
      value: 1
      objectReference: {fileID: 0}
    - target: {fileID: 2187443354456285349, guid: f8c0564a881fc514d976b36d4fbaa266,
        type: 3}
      propertyPath: m_LocalEulerAnglesHint.x
      value: 45
      objectReference: {fileID: 0}
    - target: {fileID: 2187443354456285349, guid: f8c0564a881fc514d976b36d4fbaa266,
        type: 3}
      propertyPath: m_LocalEulerAnglesHint.y
      value: 45
      objectReference: {fileID: 0}
    - target: {fileID: 2187443354456285349, guid: f8c0564a881fc514d976b36d4fbaa266,
        type: 3}
      propertyPath: m_LocalEulerAnglesHint.z
      value: 45
      objectReference: {fileID: 0}
    - target: {fileID: 2187443354456285349, guid: f8c0564a881fc514d976b36d4fbaa266,
        type: 3}
      propertyPath: m_LocalScale.y
      value: 0.50000006
      objectReference: {fileID: 0}
    - target: {fileID: 2187443354456285349, guid: f8c0564a881fc514d976b36d4fbaa266,
        type: 3}
      propertyPath: m_LocalScale.z
      value: 0.50000024
      objectReference: {fileID: 0}
    - target: {fileID: 2187443354456285354, guid: f8c0564a881fc514d976b36d4fbaa266,
        type: 3}
      propertyPath: m_Name
      value: Pick Up (1)
      objectReference: {fileID: 0}
    m_RemovedComponents: []
  m_SourcePrefab: {fileID: 100100000, guid: f8c0564a881fc514d976b36d4fbaa266, type: 3}
--- !u!4 &1955139373 stripped
Transform:
  m_CorrespondingSourceObject: {fileID: 2187443354456285349, guid: f8c0564a881fc514d976b36d4fbaa266,
    type: 3}
  m_PrefabInstance: {fileID: 1955139372}
  m_PrefabAsset: {fileID: 0}
--- !u!1 &2046905103
GameObject:
  m_ObjectHideFlags: 0
  m_CorrespondingSourceObject: {fileID: 0}
  m_PrefabInstance: {fileID: 0}
  m_PrefabAsset: {fileID: 0}
  serializedVersion: 6
  m_Component:
  - component: {fileID: 2046905104}
  - component: {fileID: 2046905106}
  - component: {fileID: 2046905105}
  m_Layer: 5
  m_Name: Win Text
  m_TagString: Untagged
  m_Icon: {fileID: 0}
  m_NavMeshLayer: 0
  m_StaticEditorFlags: 0
  m_IsActive: 1
--- !u!224 &2046905104
RectTransform:
  m_ObjectHideFlags: 0
  m_CorrespondingSourceObject: {fileID: 0}
  m_PrefabInstance: {fileID: 0}
  m_PrefabAsset: {fileID: 0}
  m_GameObject: {fileID: 2046905103}
  m_LocalRotation: {x: 0, y: 0, z: 0, w: 1}
  m_LocalPosition: {x: 0, y: 0, z: 0}
  m_LocalScale: {x: 1, y: 1, z: 1}
  m_Children: []
  m_Father: {fileID: 1829279100}
  m_RootOrder: 1
  m_LocalEulerAnglesHint: {x: 0, y: 0, z: 0}
  m_AnchorMin: {x: 0.5, y: 0.5}
  m_AnchorMax: {x: 0.5, y: 0.5}
  m_AnchoredPosition: {x: 0, y: 75}
  m_SizeDelta: {x: 160, y: 30}
  m_Pivot: {x: 0.5, y: 0.5}
--- !u!114 &2046905105
MonoBehaviour:
  m_ObjectHideFlags: 0
  m_CorrespondingSourceObject: {fileID: 0}
  m_PrefabInstance: {fileID: 0}
  m_PrefabAsset: {fileID: 0}
  m_GameObject: {fileID: 2046905103}
  m_Enabled: 1
  m_EditorHideFlags: 0
  m_Script: {fileID: 11500000, guid: 5f7201a12d95ffc409449d95f23cf332, type: 3}
  m_Name: 
  m_EditorClassIdentifier: 
  m_Material: {fileID: 0}
  m_Color: {r: 1, g: 0.995283, b: 0.995283, a: 1}
  m_RaycastTarget: 1
  m_OnCullStateChanged:
    m_PersistentCalls:
      m_Calls: []
  m_FontData:
    m_Font: {fileID: 10102, guid: 0000000000000000e000000000000000, type: 0}
    m_FontSize: 24
    m_FontStyle: 0
    m_BestFit: 0
    m_MinSize: 2
    m_MaxSize: 40
    m_Alignment: 0
    m_AlignByGeometry: 0
    m_RichText: 1
    m_HorizontalOverflow: 0
    m_VerticalOverflow: 0
    m_LineSpacing: 1
  m_Text: Win Text
--- !u!222 &2046905106
CanvasRenderer:
  m_ObjectHideFlags: 0
  m_CorrespondingSourceObject: {fileID: 0}
  m_PrefabInstance: {fileID: 0}
  m_PrefabAsset: {fileID: 0}
  m_GameObject: {fileID: 2046905103}
  m_CullTransparentMesh: 0
--- !u!1001 &2056319444
PrefabInstance:
  m_ObjectHideFlags: 0
  serializedVersion: 2
  m_Modification:
    m_TransformParent: {fileID: 790062284}
    m_Modifications:
    - target: {fileID: 2187443354456285349, guid: f8c0564a881fc514d976b36d4fbaa266,
        type: 3}
      propertyPath: m_LocalPosition.x
      value: 0.41
      objectReference: {fileID: 0}
    - target: {fileID: 2187443354456285349, guid: f8c0564a881fc514d976b36d4fbaa266,
        type: 3}
      propertyPath: m_LocalPosition.y
      value: 3.0483463
      objectReference: {fileID: 0}
    - target: {fileID: 2187443354456285349, guid: f8c0564a881fc514d976b36d4fbaa266,
        type: 3}
      propertyPath: m_LocalPosition.z
      value: 2.7
      objectReference: {fileID: 0}
    - target: {fileID: 2187443354456285349, guid: f8c0564a881fc514d976b36d4fbaa266,
        type: 3}
      propertyPath: m_LocalRotation.x
      value: 0.46193978
      objectReference: {fileID: 0}
    - target: {fileID: 2187443354456285349, guid: f8c0564a881fc514d976b36d4fbaa266,
        type: 3}
      propertyPath: m_LocalRotation.y
      value: 0.19134173
      objectReference: {fileID: 0}
    - target: {fileID: 2187443354456285349, guid: f8c0564a881fc514d976b36d4fbaa266,
        type: 3}
      propertyPath: m_LocalRotation.z
      value: 0.19134173
      objectReference: {fileID: 0}
    - target: {fileID: 2187443354456285349, guid: f8c0564a881fc514d976b36d4fbaa266,
        type: 3}
      propertyPath: m_LocalRotation.w
      value: 0.84462327
      objectReference: {fileID: 0}
    - target: {fileID: 2187443354456285349, guid: f8c0564a881fc514d976b36d4fbaa266,
        type: 3}
      propertyPath: m_RootOrder
      value: 11
      objectReference: {fileID: 0}
    - target: {fileID: 2187443354456285349, guid: f8c0564a881fc514d976b36d4fbaa266,
        type: 3}
      propertyPath: m_LocalEulerAnglesHint.x
      value: 45
      objectReference: {fileID: 0}
    - target: {fileID: 2187443354456285349, guid: f8c0564a881fc514d976b36d4fbaa266,
        type: 3}
      propertyPath: m_LocalEulerAnglesHint.y
      value: 45
      objectReference: {fileID: 0}
    - target: {fileID: 2187443354456285349, guid: f8c0564a881fc514d976b36d4fbaa266,
        type: 3}
      propertyPath: m_LocalEulerAnglesHint.z
      value: 45
      objectReference: {fileID: 0}
    - target: {fileID: 2187443354456285349, guid: f8c0564a881fc514d976b36d4fbaa266,
        type: 3}
      propertyPath: m_LocalScale.y
      value: 0.50000006
      objectReference: {fileID: 0}
    - target: {fileID: 2187443354456285349, guid: f8c0564a881fc514d976b36d4fbaa266,
        type: 3}
      propertyPath: m_LocalScale.z
      value: 0.50000024
      objectReference: {fileID: 0}
    - target: {fileID: 2187443354456285354, guid: f8c0564a881fc514d976b36d4fbaa266,
        type: 3}
      propertyPath: m_Name
      value: Pick Up (11)
      objectReference: {fileID: 0}
    m_RemovedComponents: []
  m_SourcePrefab: {fileID: 100100000, guid: f8c0564a881fc514d976b36d4fbaa266, type: 3}
--- !u!4 &2056319445 stripped
Transform:
  m_CorrespondingSourceObject: {fileID: 2187443354456285349, guid: f8c0564a881fc514d976b36d4fbaa266,
    type: 3}
  m_PrefabInstance: {fileID: 2056319444}
  m_PrefabAsset: {fileID: 0}
--- !u!1 &2124033051
GameObject:
  m_ObjectHideFlags: 0
  m_CorrespondingSourceObject: {fileID: 0}
  m_PrefabInstance: {fileID: 0}
  m_PrefabAsset: {fileID: 0}
  serializedVersion: 6
  m_Component:
  - component: {fileID: 2124033054}
  - component: {fileID: 2124033053}
  - component: {fileID: 2124033052}
  m_Layer: 0
  m_Name: EventSystem
  m_TagString: Untagged
  m_Icon: {fileID: 0}
  m_NavMeshLayer: 0
  m_StaticEditorFlags: 0
  m_IsActive: 1
--- !u!114 &2124033052
MonoBehaviour:
  m_ObjectHideFlags: 0
  m_CorrespondingSourceObject: {fileID: 0}
  m_PrefabInstance: {fileID: 0}
  m_PrefabAsset: {fileID: 0}
  m_GameObject: {fileID: 2124033051}
  m_Enabled: 1
  m_EditorHideFlags: 0
  m_Script: {fileID: 11500000, guid: 4f231c4fb786f3946a6b90b886c48677, type: 3}
  m_Name: 
  m_EditorClassIdentifier: 
  m_HorizontalAxis: Horizontal
  m_VerticalAxis: Vertical
  m_SubmitButton: Submit
  m_CancelButton: Cancel
  m_InputActionsPerSecond: 10
  m_RepeatDelay: 0.5
  m_ForceModuleActive: 0
--- !u!114 &2124033053
MonoBehaviour:
  m_ObjectHideFlags: 0
  m_CorrespondingSourceObject: {fileID: 0}
  m_PrefabInstance: {fileID: 0}
  m_PrefabAsset: {fileID: 0}
  m_GameObject: {fileID: 2124033051}
  m_Enabled: 1
  m_EditorHideFlags: 0
  m_Script: {fileID: 11500000, guid: 76c392e42b5098c458856cdf6ecaaaa1, type: 3}
  m_Name: 
  m_EditorClassIdentifier: 
  m_FirstSelected: {fileID: 0}
  m_sendNavigationEvents: 1
  m_DragThreshold: 10
--- !u!4 &2124033054
Transform:
  m_ObjectHideFlags: 0
  m_CorrespondingSourceObject: {fileID: 0}
  m_PrefabInstance: {fileID: 0}
  m_PrefabAsset: {fileID: 0}
  m_GameObject: {fileID: 2124033051}
  m_LocalRotation: {x: 0, y: 0, z: 0, w: 1}
  m_LocalPosition: {x: 0, y: 0, z: 0}
  m_LocalScale: {x: 1, y: 1, z: 1}
  m_Children: []
  m_Father: {fileID: 0}
  m_RootOrder: 7
  m_LocalEulerAnglesHint: {x: 0, y: 0, z: 0}
--- !u!1001 &2131380426
PrefabInstance:
  m_ObjectHideFlags: 0
  serializedVersion: 2
  m_Modification:
    m_TransformParent: {fileID: 790062284}
    m_Modifications:
    - target: {fileID: 2187443354456285349, guid: f8c0564a881fc514d976b36d4fbaa266,
        type: 3}
      propertyPath: m_LocalPosition.x
      value: 9.45
      objectReference: {fileID: 0}
    - target: {fileID: 2187443354456285349, guid: f8c0564a881fc514d976b36d4fbaa266,
        type: 3}
      propertyPath: m_LocalPosition.y
      value: 3.0483463
      objectReference: {fileID: 0}
    - target: {fileID: 2187443354456285349, guid: f8c0564a881fc514d976b36d4fbaa266,
        type: 3}
      propertyPath: m_LocalPosition.z
      value: 10.27
      objectReference: {fileID: 0}
    - target: {fileID: 2187443354456285349, guid: f8c0564a881fc514d976b36d4fbaa266,
        type: 3}
      propertyPath: m_LocalRotation.x
      value: 0.46193978
      objectReference: {fileID: 0}
    - target: {fileID: 2187443354456285349, guid: f8c0564a881fc514d976b36d4fbaa266,
        type: 3}
      propertyPath: m_LocalRotation.y
      value: 0.19134173
      objectReference: {fileID: 0}
    - target: {fileID: 2187443354456285349, guid: f8c0564a881fc514d976b36d4fbaa266,
        type: 3}
      propertyPath: m_LocalRotation.z
      value: 0.19134173
      objectReference: {fileID: 0}
    - target: {fileID: 2187443354456285349, guid: f8c0564a881fc514d976b36d4fbaa266,
        type: 3}
      propertyPath: m_LocalRotation.w
      value: 0.84462327
      objectReference: {fileID: 0}
    - target: {fileID: 2187443354456285349, guid: f8c0564a881fc514d976b36d4fbaa266,
        type: 3}
      propertyPath: m_RootOrder
      value: 2
      objectReference: {fileID: 0}
    - target: {fileID: 2187443354456285349, guid: f8c0564a881fc514d976b36d4fbaa266,
        type: 3}
      propertyPath: m_LocalEulerAnglesHint.x
      value: 45
      objectReference: {fileID: 0}
    - target: {fileID: 2187443354456285349, guid: f8c0564a881fc514d976b36d4fbaa266,
        type: 3}
      propertyPath: m_LocalEulerAnglesHint.y
      value: 45
      objectReference: {fileID: 0}
    - target: {fileID: 2187443354456285349, guid: f8c0564a881fc514d976b36d4fbaa266,
        type: 3}
      propertyPath: m_LocalEulerAnglesHint.z
      value: 45
      objectReference: {fileID: 0}
    - target: {fileID: 2187443354456285349, guid: f8c0564a881fc514d976b36d4fbaa266,
        type: 3}
      propertyPath: m_LocalScale.y
      value: 0.50000006
      objectReference: {fileID: 0}
    - target: {fileID: 2187443354456285349, guid: f8c0564a881fc514d976b36d4fbaa266,
        type: 3}
      propertyPath: m_LocalScale.z
      value: 0.50000024
      objectReference: {fileID: 0}
    - target: {fileID: 2187443354456285354, guid: f8c0564a881fc514d976b36d4fbaa266,
        type: 3}
      propertyPath: m_Name
      value: Pick Up (2)
      objectReference: {fileID: 0}
    m_RemovedComponents: []
  m_SourcePrefab: {fileID: 100100000, guid: f8c0564a881fc514d976b36d4fbaa266, type: 3}
--- !u!4 &2131380427 stripped
Transform:
  m_CorrespondingSourceObject: {fileID: 2187443354456285349, guid: f8c0564a881fc514d976b36d4fbaa266,
    type: 3}
  m_PrefabInstance: {fileID: 2131380426}
  m_PrefabAsset: {fileID: 0}
--- !u!1001 &9063976263047568630
PrefabInstance:
  m_ObjectHideFlags: 0
  serializedVersion: 2
  m_Modification:
    m_TransformParent: {fileID: 790936800}
    m_Modifications:
    - target: {fileID: 9063976262188879490, guid: f0e75fe9da2a2e34e856713a72c47508,
        type: 3}
      propertyPath: m_LocalPosition.x
      value: 8.3
      objectReference: {fileID: 0}
    - target: {fileID: 9063976262188879490, guid: f0e75fe9da2a2e34e856713a72c47508,
        type: 3}
      propertyPath: m_LocalPosition.y
      value: -5.8228087
      objectReference: {fileID: 0}
    - target: {fileID: 9063976262188879490, guid: f0e75fe9da2a2e34e856713a72c47508,
        type: 3}
      propertyPath: m_LocalPosition.z
      value: 14.76
      objectReference: {fileID: 0}
    - target: {fileID: 9063976262188879490, guid: f0e75fe9da2a2e34e856713a72c47508,
        type: 3}
      propertyPath: m_LocalRotation.x
      value: 0.46193978
      objectReference: {fileID: 0}
    - target: {fileID: 9063976262188879490, guid: f0e75fe9da2a2e34e856713a72c47508,
        type: 3}
      propertyPath: m_LocalRotation.y
      value: 0.19134173
      objectReference: {fileID: 0}
    - target: {fileID: 9063976262188879490, guid: f0e75fe9da2a2e34e856713a72c47508,
        type: 3}
      propertyPath: m_LocalRotation.z
      value: 0.19134173
      objectReference: {fileID: 0}
    - target: {fileID: 9063976262188879490, guid: f0e75fe9da2a2e34e856713a72c47508,
        type: 3}
      propertyPath: m_LocalRotation.w
      value: 0.84462327
      objectReference: {fileID: 0}
    - target: {fileID: 9063976262188879490, guid: f0e75fe9da2a2e34e856713a72c47508,
        type: 3}
      propertyPath: m_RootOrder
      value: 0
      objectReference: {fileID: 0}
    - target: {fileID: 9063976262188879490, guid: f0e75fe9da2a2e34e856713a72c47508,
        type: 3}
      propertyPath: m_LocalEulerAnglesHint.x
      value: 45
      objectReference: {fileID: 0}
    - target: {fileID: 9063976262188879490, guid: f0e75fe9da2a2e34e856713a72c47508,
        type: 3}
      propertyPath: m_LocalEulerAnglesHint.y
      value: 45
      objectReference: {fileID: 0}
    - target: {fileID: 9063976262188879490, guid: f0e75fe9da2a2e34e856713a72c47508,
        type: 3}
      propertyPath: m_LocalEulerAnglesHint.z
      value: 45
      objectReference: {fileID: 0}
    - target: {fileID: 9063976262188879490, guid: f0e75fe9da2a2e34e856713a72c47508,
        type: 3}
      propertyPath: m_LocalScale.y
      value: 0.50000006
      objectReference: {fileID: 0}
    - target: {fileID: 9063976262188879490, guid: f0e75fe9da2a2e34e856713a72c47508,
        type: 3}
      propertyPath: m_LocalScale.z
      value: 0.50000024
      objectReference: {fileID: 0}
    - target: {fileID: 9063976262188879512, guid: f0e75fe9da2a2e34e856713a72c47508,
        type: 3}
      propertyPath: m_Name
      value: Cube
      objectReference: {fileID: 0}
    m_RemovedComponents: []
  m_SourcePrefab: {fileID: 100100000, guid: f0e75fe9da2a2e34e856713a72c47508, type: 3}
